2958 4786
40 449 43 456 ’
112 451 114 456 ’
197 475 254 516 nus
274 456 406 514 vitorum
420 471 504 511 omne
519 452 599 530 quod

201 558 244 617 ibi
266 560 331 615 erat
352 554 571 613 interfecerunt.

199 658 335 717 XVI...
358 653 544 732 quieumab
566 674 599 712 ee
654 654 733 714 1015
757 647 819 732 ἥδ’
847 647 932 713 ἔθεεν
953 651 1087 733 λαίφεσσι
1109 649 1288 730 πανήμερος·
1315 649 1360 711 ού

203 759 405 818 discessissent
444 759 600 832 totumque
1164 750 1232 829 [μὲν
1254 749 1359 830 λούσης

201 860 277 919 diem
302 859 499 932 navigassent,
516 858 601 914 noete
651 849 750 926 νυκτὸς
759 846 798 914 ἔττ
809 850 881 934 ῥιπὴ
895 847 982 930 μένεν
996 846 1131 930 ἔμπεδον.
1145 850 1219 913 ἀλλά
1228 849 1359 914 θύελλαι
1455 881 1456 886 τ

202 963 378 1037 tempestate
401 960 467 1015 orta
484 955 599 1015 adeun·
651 943 1005 1033 ἀντίαιάρπάγδηνόπίσω
1014 949 1357 1034 φέρονόφβέαὲλασσαν

96 1072 100 1078 ’
201 1062 265 1120 dem
285 1059 410 1120 insulam
432 1058 529 1134 ignari
551 1057 600 1115 de·
652 1042 731 1127 αάτις
750 1051 897 1126 ἐυξείνοισι
920 1051 1168 1116 Δολίοσιν..

204 1162 258 1220 leti
279 1165 358 1220 aunt.
655 1159 732 1217 1021
764 1152 833 1224 οὐδὲ
862 1177 904 1228 τις
930 1152 1024 1234 αὐτὴν
1052 1161 1142 1233 νῆσον
1169 1151 1360 1237 ἐπιφραδέως

656 1337 670 1356 ν
1223 1249 1357 1340 [ἐνόησεν

653 1363 777 1418 εμμεναι
801 1389 807 1402 .
831 1389 837 1404 .
862 1388 869 1401 .
1457 1413 1458 1418 ¹

202 1448 316 1509 XVIIII
327 1491 349 1507 ..
362 1445 486 1506 ‚Phineo
495 1444 601 1522 Apollo
622 1433 625 1438 ¹
654 1452 679 1510 II
700 1451 773 1509 180.
790 1493 796 1506 .
811 1433 1012 1522 ,μαντοσύνης
1027 1440 1081 1523 τήν
1097 1438 1124 1502 οἱ
1142 1439 1234 1524 πάρος
1247 1441 1357 1522 ἐγγυά-

204 1544 601 1624 auguriumdieiturdedisse.
1056 1607 1059 1614 ,
1266 1537 1357 1628 [λιξεν

204 1651 252 1708 hie
263 1650 384 1708 deorum
401 1645 521 1706 consilia
536 1664 602 1703 eum
653 1647 807 1729 Λητοίδης·
823 1645 886 1708 οὐδ’
897 1642 981 1707 όσοον
992 1643 1102 1719 ὀπίζετο
1117 1645 1166 1705 καί
1178 1642 1249 1717 Διὸς
1263 1643 1357 1706 αὐτοῦ

204 1751 381 1820 enuntiaret,
405 1747 444 1806 ab
466 1748 536 1806 Iove
557 1750 602 1804 est
649 1748 757 1830 χρείων
778 1743 916 1828 ἀτρεκέως
935 1743 1013 1829 ἱερὸν
1036 1737 1101 1821 νόον
1122 1743 1332 1824 ἀνθρώποισι.

203 1847 376 1911 exaaeeatus
390 1893 396 1907 .
410 1894 416 1908 .
430 1894 436 1907 .
653 1850 692 1913 τάν
715 1897 845 1914 .....

653 1951 685 2013 ἐκ
708 1951 735 2014 δ’
759 1949 828 2014 ἕλετ’
852 1950 1020 2032 ὀφθαλμῶν
1040 1946 1179 2031 γλυκερόν
1205 1946 1355 2029 φάος...

204 2055 351 2131 Harpyias
374 2050 540 2135 quaelovis
555 2070 601 2110 ea·
632 2058 715 2116 -289
732 2049 876 2132 Ἁρπυίας
893 2048 1034 2133 μεγάλοιο
1057 2047 1127 2124 Διὸς
1150 2046 1239 2122 κύνας
1262 2093 1269 2107 .
1292 2095 1299 2112 .
1324 2097 1333 2112 .

203 2175 254 2213 nes
274 2174 338 2214 esse
362 2154 519 2220 dicuntur,
533 2194 559 2209 ..

203 2255 289 2314 XXII
308 2299 316 2314 .
335 2301 342 2316 .
361 2298 368 2312 ·
390 2257 483 2313 Aeeta
505 2253 603 2312 Iasoni
655 2259 699 2318 III
715 2260 775 2317 409
793 2250 861 2316 δοιά
874 2277 926 2333 μοι
937 2250 1210 2332 αεδίοντόἈρήιον
1231 2239 1357 2334 ἀμφινέ-

204 2354 280 2416 hane
302 2355 481 2414 simultatem
496 2355 603 2414 eonsti-
1240 2347 1358 2438 [μοντατ

203 2459 264 2515 tuit
287 2457 312 2515 si
337 2455 424 2514 vellet
435 2456 539 2532 pellem
553 2474 604 2514 au·
655 2456 752 2537 ταύρω
765 2454 929 2538 χαλκόποδε
944 2459 1062 2535 στόματι
1075 2453 1172 2537 φλόγα
1182 2452 1360 2536 φυσιόωντες

127 2633 129 2636 ⁸
204 2564 299 2617 natam
334 2558 465 2647 'auferre
502 2562 603 2616 tauros
657 2563 717 2619 418
740 2605 747 2619 .
768 2603 774 2618 .
798 2604 804 2617 .
829 2603 836 2616 .
860 2556 896 2619 σύ
919 2558 945 2619 δ’
967 2558 995 2620 εἰ
1016 2556 1082 2619 τάδε
1104 2562 1167 2618 τοῖα
1182 2553 1324 2629 τελέσσεις,

207 2658 358 2735 aeripedes
391 2660 442 2736 qui
475 2657 606 2716 flammas
657 2657 795 2738 αὐτῆμαρ
818 2655 882 2720 τόδε
902 2664 979 2732 κῶας
999 2657 1133 2720 ἀποίσεαι
1154 2658 1195 2731 εἰς
1215 2658 1359 2736 βασιλῆος

181 2777 184 2782 ·
206 2759 327 2818 naribus
355 2757 520 2837 spuebant,
544 2760 608 2818 iun·
660 2765 740 2823 1284
764 2758 928 2840 ....ζτιγά
945 2757 1191 2840 χάλκεα·ταόρων

203 2865 288 2934 geret
329 2859 502 2919 adamant-eo
537 2861 606 2936 iugo
657 2859 800 2942 αύτόγοόν
822 2862 846 2921 τ’
868 2859 917 2922 ἐπί
947 2867 1004 2934 τοῖς
1035 2864 1171 2940 στιβαροῦ
1190 2857 1358 2937 ἀδάμαντος

206 2967 236 3018 et
257 2965 357 3019 araret
371 3002 378 3017 .
393 3006 397 3018 .
412 3004 418 3018 .
750 2957 751 2960 ’
1220 2957 1358 3041 [ἀροτρον

305 3047 388 3119 Iuno¹
404 3067 502 3119 autem
525 3060 604 3118 Iaso·
654 3065 750 3125 11167
779 3061 850 3137 ἐξότ’
880 3062 928 3125 ἐπὶ
956 3068 1110 3149 προχοῇσιν
1139 3059 1200 3135 ἅλις
1226 3059 1357 3142 πλήθον-

205 3181 270 3220 nem
286 3161 325 3220 ub
344 3162 374 3219 id
386 3181 499 3239 semper
511 3161 605 3222 voluit
1129 3167 1189 3239 [τος
1205 3158 1357 3242 Ἀναύρου

207 3268 354 3341 servatum
378 3264 457 3339 quod
481 3282 544 3321 cum
568 3262 605 3320 ad
655 3262 769 3343 ἀνδρων
786 3263 923 3344 εὐνομίης
938 3263 1100 3350 πειρωμένη
1121 3261 1306 3343 ἀντεβόλησεν

207 3362 313 3420 flumen
347 3364 476 3422 venisset
507 3362 607 3422 volens
657 3369 695 3425 72
718 3363 789 3444 γρηῒ
806 3361 839 3426 δέ
859 3371 892 3442 μ’
914 3361 1071 3444 εἰσαμένην
1094 3412 1100 3427 .
1122 3413 1133 3438 ¹.
1156 3413 1193 3426 ..

206 3463 352 3522 hominum
362 3468 472 3522 mentes
480 3468 606 3532 tentare,

207 3583 295 3622 anum
317 3583 349 3622 se
372 3564 521 3623 simulavit
539 3607 563 3622 ..
578 3607 605 3621 ..

206 3664 243 3723 ef.
269 3664 329 3723 fab.
346 3663 428 3724 XIII.

140 3844 151 3856 .
273 3759 279 3766 ’
306 3765 407 3842 Neque
439 3771 639 3829 commentarii
671 3771 798 3846 vestigia
825 3769 941 3829 desunt.
985 3768 1057 3828 Oum
1085 3769 1161 3826 enim
1191 3787 1266 3845 quae
1294 3767 1355 3825 fab,

114 3864 130 3881 ”’
206 3863 317 3924 XVIIII
332 3868 416 3926 initio
436 3871 615 3929 enamationi
633 3890 754 3949 prorsus
776 3870 903 3947 abrupte
919 3871 1102 3929 inseruntur:
1121 3861 1260 3927 ‘Phineus
1279 3868 1356 3943 Age·

206 3968 285 4025 noris
317 3966 394 4026 filine
424 3968 524 4028 Thrax
552 3991 588 4029 ex
611 3969 769 4048 Cleopatra
801 3970 906 4029 habuit
938 3970 1013 4029 filios
1046 3972 1128 4029 duos.
1172 3970 1242 4028 hia
1269 3974 1356 4046 patre

206 4086 347 4126 novercae
379 4070 498 4128 crimine
520 4074 667 4130 excaecati
689 4067 777 4150 sunt’,
810 4091 873 4130 eum
891 4073 932 4138 iis
960 4091 1036 4147 quae
1062 4091 1153 4148 supra
1176 4061 1217 4152 [p.
1242 4061 1292 4149 16]
1318 4089 1356 4128 ex

206 4167 323 4227 scholiis
335 4169 538 4246 Apollonianis
564 4178 595 4231 et
615 4172 794 4240 bibliotheca
821 4173 970 4250 exscripsi,
992 4178 1204 4248 componantur
1227 4175 1355 4248 oportet,

82 4293 88 4310 ι
206 4275 270 4327 tum
291 4288 327 4327 ex
349 4289 383 4329 eo
412 4271 491 4346 quod
513 4273 602 4352 paulo
629 4273 706 4331 infra
734 4292 855 4350 prorsus
882 4273 982 4332 eadem
1005 4277 1095 4348 atque
1125 4273 1155 4330 in
1176 4271 1356 4330 bibliotheca

207 4369 242 4427 de
265 4371 368 4430 Phinei
396 4373 694 4450 Argonautarumque
726 4380 815 4450 pecto
845 4378 1004 4433 narrantur
1013 4368 1047 4447 ¹),
1087 4377 1298 4439 commentator
1312 4371 1355 4431 ab

208 4475 405 4488 Q——ffl—

307 4516 334 4584 1)
355 4514 395 4570 cf.
415 4515 519 4586 Hygini
538 4497 635 4572 verba:
667 4516 743 4572 ‘Hue
770 4535 832 4573 eum
852 4518 1034 4588 Argonautae
1053 4517 1228 4572 devenissent
1247 4520 1275 4571 et
1291 4533 1353 4571 eum
