2958 4786
743 215 779 266 40

189 401 219 452 at
241 394 315 452 Idas.
350 395 439 454 ceteri
461 391 591 451 ordinem
612 395 810 448 servaverunt.
834 389 962 449 celeuma
983 389 1058 447 dixit
1080 389 1214 466 Orpheus
1231 389 1356 464 Oeagri

189 496 275 554 filius.
294 502 362 571 post
383 495 484 551 relicto
507 513 541 550 eo
561 491 599 549 ab
610 491 735 549 Hercule
755 490 819 548 loco
841 492 902 548 eius
925 489 1001 548 sedit
1013 489 1116 548 Peleus
1127 491 1216 550 Aeaci
1235 485 1353 550 filius'.

191 595 315 655 Prorsus
337 595 438 654 eadem
462 594 575 652 ratione
595 591 728 650 Valerius
749 591 803 649 illa
823 611 944 648 munera
965 589 1125 668 distribuit.
1152 591 1196 649 De
1219 590 1352 666 Orpheo

192 695 369 774 Lynceoque
383 690 406 770 ¹)
433 715 469 754 ne
501 693 562 752 ulla
595 692 712 770 quidem
733 699 779 751 est
801 691 948 750 dubitatio
974 711 1068 768 neque
1089 692 1135 750 his
1158 691 1352 750 Artemidori

190 799 285 856 verbis
307 797 430 856 conlatis
461 785 577 876 [1123]:
601 787 676 864 ἱστὸς
696 789 727 852 δὲ
747 795 798 870 τῆς
819 789 887 862 νεώς
909 780 1076 868 adscriptor
1097 786 1237 870 σημαίνει,
1260 785 1345 848 ἄντι-

193 898 345 976 astacum
366 892 397 956 δὲ
420 893 469 956 τὸν
490 889 607 980 πρῳρέα
628 893 677 952 καὶ
700 888 857 971 ὅχηνίσκος
877 889 924 952 τὸν
945 888 1130 970 κυβερνήτην,
1152 888 1186 949 τὰ
1207 887 1239 950 δὲ
1261 885 1347 949 tirio

190 995 254 1070 τοὺς
274 987 380 1070 ναύτας
400 995 459 1056 καὶ
490 991 526 1054 τὸ
558 989 662 1072 κέρας
693 991 750 1053 τὸν
776 987 964 1073 τοὶχαρχού
984 995 1117 1053 Valerius
1146 993 1227 1052 aliud
1247 999 1347 1069 atque

191 1100 325 1176 Hyginus
359 1098 560 1159 Boreadarum
598 1116 702 1156 munus
741 1096 787 1154 his
823 1096 957 1156 versibus
997 1095 1186 1172 descripsisse
1221 1093 1346 1151 videtur

193 1191 217 1282 [I
240 1201 300 1260 468
313 1191 386 1282 sq.]:

392 1303 464 1378 quin
485 1303 515 1358 et
537 1297 695 1375 Cecropiae
715 1297 813 1374 proles
832 1304 919 1357 vacat
938 1297 1093 1374 Orithyiae

390 1405 535 1478 temperet
558 1405 591 1458 ut
612 1400 753 1459 tremulos
774 1399 859 1458 Zetes
880 1401 1032 1476 fraterque
1053 1394 1240 1472 ceruchos²l.

192 1505 248 1577 Qui
270 1523 339 1563 vero
362 1503 442 1582 apud
464 1501 614 1578 Hyginum
643 1502 739 1576 prima
769 1505 798 1558 et
820 1505 969 1576 postrema
990 1505 1122 1560 transtra
1133 1496 1158 1572 ³)
1181 1519 1348 1577 occupasse

191 1602 328 1660 dicuntur
351 1601 490 1660 Hercules
512 1600 580 1660 idas
601 1600 757 1672 Aeacidae,
787 1601 876 1679 iidem
909 1603 989 1678 apud
1007 1601 1153 1662 Valerium
1168 1599 1194 1676 4)
1209 1603 1348 1678 'insignia

295 1747 323 1820 1)
343 1746 522 1815 cf.14700q.:
542 1763 592 1801 neo
611 1763 678 1801 voro
698 1745 831 1815 Odrysius
851 1747 982 1800 transtris
1001 1747 1173 1816 impenditur
1186 1745 1317 1816 Orpheus

391 1839 440 1889 aut
458 1838 577 1904 pontum
596 1852 672 1889 remo
692 1835 806 1903 subigit,
826 1834 873 1889 sed
892 1836 1015 1889 carmine
1034 1839 1131 1890 tonsas

391 1925 432 1978 ire
450 1923 532 1978 docet
552 1940 659 1977 summo
678 1924 781 1992 passim
799 1940 834 1977 ne
853 1923 966 1992 gurgite
984 1928 1119 1993 pugnent.

204 2017 233 2066 ct
251 2015 304 2066 462
314 2027 369 2083 sq:
389 2016 419 2067 at
437 2013 525 2068 frater
538 2029 659 2082 magnos
678 2011 805 2080 Lynceus
824 2016 952 2066 servatur
971 2012 999 2066 in
1019 2031 1084 2068 usus

392 2117 473 2169 quem
492 2101 558 2155 tulit
577 2101 677 2168 Arene,
696 2101 783 2170 possit
802 2101 851 2170 qui
869 2117 1000 2170 rumpere
1019 2106 1108 2156 terras

391 2193 419 2243 et
440 2189 526 2260 Styga
544 2190 709 2243 transmisso
729 2190 844 2242 tacitam
860 2189 1033 2258 deprendere
1051 2191 1122 2250 visu.

391 2276 522 2331 fiuctibus
542 2294 557 2330 e
576 2276 675 2331 mediis
694 2281 783 2331 terras
801 2276 881 2332 dabit
898 2277 946 2332 ille
965 2281 1100 2348 magistro

318 2363 323 2378 “
391 2369 420 2419 et
438 2365 517 2420 dabit
533 2369 609 2420 astra
627 2365 683 2418 rati
701 2382 817 2433 cumque
835 2365 947 2421 aethera
965 2367 1091 2437 luppiter
1111 2369 1208 2424 umbra

390 2454 557 2524 perdiderit,
576 2455 651 2509 solus
669 2455 802 2508 transibit
818 2455 914 2513 nubila
932 2455 1066 2527 Lynceus.

192 2543 302 2599 Scilicet
320 2548 437 2613 propter
455 2544 599 2597 oculorum
618 2545 704 2598 aciem
722 2547 854 2612 proretae
876 2561 975 2599 munus
994 2547 1116 2615 suscepit
1134 2551 1165 2599 ut
1187 2565 1259 2616 quae
1277 2551 1346 2603 navi

192 2633 222 2686 in
242 2631 343 2685 itinere
365 2632 542 2686 imminerent
562 2632 669 2701 primus
688 2631 863 2701 conspiceret
882 2637 910 2686 et
929 2633 1112 2702 gubernatori
1130 2615 1286 2690 nuntiaret:
1301 2637 1344 2692 Cf.

193 2719 324 2776 Scheffer.
343 2719 377 2774 de
395 2721 496 2774 militia
507 2738 569 2776 nav.
588 2738 616 2790 p.
630 2721 681 2773 302
692 2737 732 2788 sq.
1135 2770 1143 2778 .

295 2808 321 2877 2)
342 2808 473 2862 Ceruohis
492 2809 540 2876 qui
558 2808 689 2862 extremis
712 2807 840 2862 antennis
865 2807 1062 2878 adligabantur
1084 2809 1132 2880 [cf.
1153 2811 1255 2874 Lucan.
1276 2813 1344 2868 Vlll

196 2900 247 2951 172
258 2915 298 2966 sq.
309 2895 334 2949 X
344 2897 397 2950 492
410 2914 450 2965 sq.
469 2895 599 2951 Scheffer.
611 2896 638 2951 d.
652 2896 707 2950 mil.
723 2913 782 2951 nav.
799 2914 826 2966 p.
842 2895 913 2966 145],
933 2897 994 2951 vela
1004 2896 1089 2969 dirigi
1106 2897 1189 2954 docet
1197 2900 1342 2971 Vergilius

196 2985 277 3055 [Aen.
296 2971 336 3038 111
356 2985 434 3055 ⁵49l=

394 3089 499 3126 cornua
516 3072 672 3127 velatarum
691 3072 861 3128 obvertimus
878 3077 1062 3128 antennarum

392 3160 636 3231 Graiugenumque
655 3161 750 3214 domos
769 3165 953 3229 suspectaque
972 3161 1122 3229 linquimus
1141 3180 1215 3218 arva.

193 3249 253 3304 Hac
270 3249 378 3303 ratione
397 3248 481 3302 etiam
492 3248 634 3303 Claudiani
655 3251 740 3304 verba
759 3267 775 3303 a
794 3248 933 3304 Scheffero
953 3249 991 3319 [p.
1005 3251 1069 3321 309]
1089 3251 1183 3306 adlata
1203 3253 1342 3322 explican-

193 3343 241 3392 tur
260 3336 297 3407 [d.
318 3354 392 3391 cons.
412 3336 509 3389 Manlii
527 3339 562 3390 42
575 3338 640 3407 sq.]:

392 3429 422 3477 at
439 3423 515 3478 velut
534 3429 659 3479 exsertus
679 3417 817 3480 lentandis
835 3429 931 3482 navita
950 3431 1037 3483 tonsis

392 3510 554 3582 praeficitur
569 3515 652 3567 latori
670 3519 764 3569 custos

193 3602 261 3656 velis
280 3601 353 3656 enim
372 3599 446 3655 datis
465 3602 601 3672 remigum
620 3603 701 3658 labor
720 3603 881 3658 remittitur.

294 3691 321 3760 3)
339 3691 399 3745 Hoc
426 3692 518 3745 verbis
536 3689 587 3744 ‘ad
605 3689 731 3760 proram’
762 3697 791 3746 et
811 3691 862 3746 ‘ad
881 3690 1013 3762 pitulum‘
1035 3693 1209 3764 significetur
1228 3711 1340 3750 necesse

194 3785 236 3836 est
263 3779 398 3849 quidquid
427 3779 479 3832 sub
506 3777 596 3834 literis
621 3779 784 3834 PITVLVM
807 3781 885 3836 latet.
924 3781 955 3835 ln
980 3781 1079 3836 ultima
1105 3783 1244 3838 sententia
1260 3784 1341 3854 ‘post

193 3869 291 3924 relicto
310 3887 342 3923 eo
360 3864 419 3923 ete?
440 3869 545 3938 aliquid
564 3868 711 3924 confusum
729 3872 779 3924 est.

292 3959 320 4028 4)
338 3959 351 4010 I
370 3959 422 4011 353
450 3958 514 4011 hino
532 3958 640 4011 laevom
658 3956 789 4011 Telamon
807 3958 921 4028 pelagus
940 3963 1027 4028 tenet,
1046 3960 1129 4014 altior
1147 3959 1211 4013 inde

449 4051 567 4115 occupat
584 4045 695 4099 Alcides
712 4046 787 4099 aliud
805 4064 882 4101 mare
902 4089 1010 4102 .....

379 4134 433 4186 403
451 4150 502 4187 nec
520 4134 617 4187 Peleus
635 4133 724 4186 fretus
743 4133 845 4189 soceris
865 4142 893 4188 et
912 4137 1031 4206 coniuge
1050 4137 1116 4192 diva

451 4219 542 4275 defuit
560 4239 592 4276 ac
610 4239 695 4291 prora
715 4222 842 4291 splendet
861 4228 909 4278 tua
928 4223 1020 4294 cuspis
1042 4227 1077 4279 ab
1098 4228 1154 4280 alta

453 4309 571 4364 Aeacide
590 4348 731 4366 ......

380 4398 433 4450 460
619 4400 747 4455 breviora
766 4400 837 4469 petit
856 4400 911 4454 iam
930 4399 1040 4454 caerula
1059 4419 1135 4456 romo

452 4489 568 4555 occupat
585 4491 614 4540 et
631 4488 713 4558 longe
732 4506 781 4542 suo
800 4493 921 4544 transtra
940 4489 1108 4545 novissimus
1126 4492 1198 4546 ldas.
