2958 4786
751 264 786 318 48

196 445 304 523 κριθῆς
328 431 611 520 κατασκευαζόμενον
645 437 729 518 πόμα
760 436 931 518 λειπόμενον
962 435 998 499 οὐ
1028 436 1102 499 πολὺ
1129 443 1180 517 τῆς
1207 439 1273 518 περὶ
1301 437 1356 500 τὸν

197 538 277 606 οἶνον
302 541 425 616 εὐωδιάς
454 565 483 604 τε
513 544 562 602 καί
593 539 752 620 δυνάμεως·
773 539 970 602 ἐπανελθόντα
996 539 1022 599 δ’
1053 539 1094 612 εἰς
1117 537 1171 618 τὴν
1192 536 1354 620 Αἰγυπτυν

198 641 428 722 συναποκομίσαι
456 640 533 722 δῶρά
555 666 584 704 τε
608 640 791 723 πανταχόθεν
813 641 846 702 τὰ
874 639 1008 720 κράτιστα
1029 641 1078 700 καί
1100 639 1147 701 διὰ
1169 639 1200 701 τὸ
1220 638 1355 720 μέγεθος

197 753 252 807 τῶν
272 743 440 825 εὐεργεσιῶν
471 740 740 824 συμπεφωνημένην
766 747 866 820 λαβεῖν
896 741 975 822 παρὰ
1005 749 1074 803 πᾶσι
1100 740 1154 822 τὴν
1175 739 1351 802 ἀθανασίαν

197 848 247 909 καί
269 845 321 926 τὴν
342 841 405 924 ἰσην
426 846 483 918 τοῖς
504 843 648 923 οὐρανίοις
669 843 768 924 πμήν.
812 848 916 924 Neque
941 847 998 904 alio
1025 847 1146 904 consilio
1170 845 1230 904 illio
1253 846 1348 904 Osiris

198 971 268 1010 usus
291 970 353 1008 esse
374 949 483 1008 dieitur
506 943 656 1024 [117,1]:
686 944 735 1006 τὸν
761 943 792 1007 δέ
809 945 919 1025 Ὄσιριν
944 941 1074 1025 λέγουσιν
1094 939 1184 1023 ἀίςπερ
1206 942 1349 1022 εὐεργεπ-

198 1047 250 1111 κὸν
270 1048 337 1110 ὄντα
358 1048 406 1108 καί
429 1038 583 1128 φιλόδοξον
604 1047 795 1126 στρατόπεδον
814 1043 891 1128 μέγα
916 1044 1117 1126 συστήσασθαι
1140 1045 1350 1122 διανοούμενον

198 1149 334 1213 ἐπελθεῖν
355 1144 472 1209 ἀπασαν
495 1146 548 1228 τὴν
570 1145 740 1228 οἰκουμένην
761 1149 809 1208 καί
832 1145 945 1220 διδάξαι
959 1143 1083 1227 τὸγένος
1103 1151 1159 1206 τῶν
1179 1143 1349 1225 ἀνθρώπιον·

197 1248 252 1332 τήν
273 1272 301 1310 τε
322 1255 370 1330 τῆς
390 1246 521 1328 ἀμπέλου
541 1245 661 1330 φυτείαν
682 1249 730 1309 καὶ
752 1247 801 1310 τὸν
823 1246 931 1327 σπόρον
949 1253 999 1308 τοῦ
1021 1269 1049 1308 τε
1072 1246 1192 1327 πυρίνου
1213 1248 1264 1307 καί
1285 1268 1346 1324 κρι-

198 1351 287 1414 θίνου
307 1357 430 1430 καρποῦ.
454 1348 671 1430 ὑπολαμβάνειν
696 1349 754 1431 γὰρ
785 1349 874 1411 αὐτόν
900 1345 942 1410 δτι
970 1347 1085 1422 παόσας
1109 1353 1163 1427 ’τῆς
1185 1346 1350 1429 ἀγριότητος

198 1453 263 1527 τούς
283 1450 460 1532 ἀνθρώπους
481 1453 531 1513 καί
551 1451 659 1533 διαίτης
681 1448 791 1533 ἡμέρου
812 1453 988 1530 μεταλαβεῖν
1011 1448 1134 1530 ποιήσας
1154 1455 1245 1526 τιμῶν
1267 1446 1348 1508 ἀθα-

198 1552 291 1616 νάτων
312 1552 436 1628 τεύξεται
457 1551 556 1614 διὰτὸ
577 1549 704 1634 μέγεθος
725 1557 775 1631 τῆς
796 1550 959 1634 εὐεργεσίας
973 1561 1063 1632 atque
1076 1553 1204 1613 Bacchus
1216 1552 1349 1628 Libycus

202 1651 394 1736 [11170‚8]:
425 1651 611 1734 βουληθῆναι
644 1659 682 1740 τῷ
710 1651 784 1735 γένει
816 1658 871 1714 τῶν
896 1650 1063 1733 ἀνθρώπιον
1089 1651 1265 1729 μεταδοῦναι
1291 1655 1351 1710 τῶν

200 1753 282 1816 ἰδίων
303 1749 478 1834 εὐρημοίτων
498 1756 654 1820 ἐλπίσαντα
677 1756 724 1818 διδ
738 1755 769 1817 τὸ
789 1754 917 1838 μέγεθος
937 1763 989 1837 τῆς
1003 1753 1166 1836 εὐεργεσίας
1187 1744 1350 1814 ἀθανάτων

198 1847 351 1930 τεύξεσθαι
374 1863 471 1935 τιμῶν.
502 1862 634 1939 Denique
650 1862 800 1921 Musarum
824 1861 1054 1938 Satyrorumque
1076 1861 1217 1919 comitatu
1234 1858 1350 1916 adscito

203 1961 291 2020 comis
324 1961 457 2022 hilaritas
490 1968 520 2022 et
550 1963 673 2038 diligens
704 1964 812 2022 artium
841 1965 1016 2021 musicarum
1043 1962 1139 2020 cultus
1159 1960 1235 2020 Osiri
1254 1959 1350 2018 adtri-

202 2061 305 2120 buitur
328 2053 353 2142 [1
371 2052 420 2144 Ῑβ]
443 2084 519 2140 quea
540 2063 642 2123 Graeci
657 2063 900 2141 Baoehipropria
921 2063 1009 2121 fuisse
1031 2049 1348 2140 feruntur[11114.›].

203 2164 375 2235 Quaerere
396 2168 427 2222 et
448 2164 516 2222 124
538 2171 567 2224 et
588 2165 639 2223 III
656 2167 693 2225 74
717 2168 794 2225 inter
815 2165 914 2242 plures
937 2163 1074 2223 Hercules
1098 2169 1128 2221 et
1150 2159 1280 2221 Bacchus
1304 2161 1350 2218 di·

203 2263 340 2324 scrimina
357 2269 539 2337 statuuntur,
553 2269 608 2325 etsi
630 2266 724 2326 altero
745 2267 807 2325 loeo
830 2266 887 2324 duo
907 2265 1000 2325 altero
1015 2270 1075 2324 tres
1088 2263 1227 2322 Hercules
1242 2261 1349 2319 distin-

202 2371 343 2444 guuntur,
354 2386 448 2443 pauca
457 2372 556 2426 tamen
568 2369 640 2427 adeo
655 2369 777 2446 propria
789 2368 928 2427 exhibent
940 2375 974 2427 ut
985 2387 1020 2425 ex
1033 2366 1156 2425 diversis
1178 2363 1351 2422 auctoribus

203 2489 237 2526 ea
258 2467 413 2544 desumpta
444 2488 508 2527 esse
540 2488 596 2526 non
630 2470 738 2548 possim
770 2489 827 2527 non
859 2489 976 2546 negare.
1022 2468 1068 2526 An
1091 2487 1160 2525 easu
1183 2464 1293 2523 adeidit
1314 2470 1351 2523 nt

202 2567 361 2644 utrubique
384 2568 524 2628 Hercules
539 2569 707 2648 Aegyptius
729 2571 819 2630 solam
843 2570 966 2630 alteram
989 2569 1150 2629 columnam
1171 2568 1202 2624 in
1224 2585 1277 2625 ora
1299 2564 1351 2622 Li-

202 2668 279 2746 byca
301 2671 441 2729 statuisse
462 2671 590 2730 ferretur
611 2670 658 2729 rel
676 2690 736 2747 qua
758 2673 871 2730 ratione
883 2671 1021 2729 Hercules
1032 2670 1160 2730 Graecus
1181 2669 1351 2727 interfuisse

202 2776 328 2846 negatur
360 2770 480 2830 deorum
501 2770 717 2850 Gigantumque
750 2792 866 2850 pugnae
898 2773 1009 2850 quippe
1039 2791 1115 2847 qnae
1136 2771 1206 2829 belli
1229 2769 1350 2827 Troiani

202 2871 386 2948 temporibus
407 2893 465 2930 non
487 2872 658 2946 quadraret,
681 2873 781 2931 eadem
791 2873 899 2930 Bacchi
914 2877 1051 2949 parentes
1064 2871 1219 2930 Titanibus
1242 2888 1350 2945 aequa·

201 2973 243 3030 les
262 2973 350 3031 fuisse
372 2971 621 3047 redargueretur?
649 2973 750 3050 Neque
779 2973 879 3033 obstat
904 2974 982 3050 quod
1005 2974 1083 3050 apud
1106 2973 1269 3048 Aegyptios
1290 2990 1349 3028 non

201 3073 296 3132 tribua
319 3073 369 3132 sed
391 3093 448 3132 uno
469 3073 586 3131 Baccho
608 3075 654 3132 vel
677 3074 752 3133 Osiri
775 3078 889 3133 statuto
912 3076 1001 3134 ueteri
1023 3095 1041 3132 a
1063 3073 1183 3133 Graecis
1204 3073 1266 3132 fieti
1284 3090 1350 3130 esse

202 3173 349 3248 dicuntur,
380 3174 430 3232 sad
462 3174 537 3233 hane
567 3195 683 3252 quoque
704 3175 869 3253 opinionem
899 3196 917 3234 a
943 3175 1085 3252 Dionysio
1113 3176 1237 3234 relatam
1258 3173 1350 3232 fuisse

202 3272 323 3332 Diodori
350 3274 412 3333 loco
441 3275 587 3354 probatur
616 3268 678 3356 [III
695 3278 778 3346 63,2
802 3278 837 3334 of.
855 3265 965 3355 62‚2]:
988 3269 1057 3334 ἔνιοι
1077 3271 1204 3354 μὲνγὰρ
1226 3269 1278 3333 ἕνα
1299 3270 1350 3330 καί

203 3369 252 3432 τὸν
273 3369 362 3432 αὐτὸν
390 3370 603 3452 ἀποφαίνονται
631 3371 768 3454 γενέσθαι
793 3371 842 3434 τόν
869 3395 897 3433 τε
928 3373 1134 3447 καταδείξαντα
1154 3373 1188 3435 τὰ
1208 3370 1281 3434 κατὰ
1302 3369 1353 3443 τὰς

204 3469 362 3545 οἰνοποιίας
381 3473 431 3533 καί
451 3473 624 3553 συγκομιδὰς
649 3480 703 3536 τῶν
732 3473 853 3548 ξυλίνων
878 3471 1063 3553 καλουμένων
1086 3480 1205 3555 καρπῶν
1226 3477 1275 3536 καί
1301 3473 1350 3538 τὸν

204 3571 448 3654 στρατευσάμενον
469 3573 517 3636 ἐπὶ
539 3581 636 3641 πᾶσαν
648 3576 702 3656 τὴν
713 3573 891 3656 οἰκουμένην,
913 3572 951 3637 du
974 3574 1005 3638 δέ
1023 3575 1070 3638 τὸν
1089 3574 1125 3637 τὰ
1139 3574 1286 3656 μυστήρια
1300 3579 1350 3638 καί

204 3672 252 3747 τὰς
272 3673 377 3748 τελετάς
398 3676 448 3736 καί
460 3674 598 3756 βακχείας
610 3674 837 3758 εἰςηγησοίμενον,
854 3686 884 3740 et
899 3681 1080 3740 documentis
1095 3701 1170 3758 quae
1192 3680 1227 3738 de
1242 3681 1352 3740 Bacchi

205 3784 271 3836 ortn
294 3777 332 3836 ab
353 3778 432 3838 Indis
456 3781 572 3838 ostendi
599 3781 687 3840 solita
715 3802 777 3841 esse
804 3783 855 3840 illo
883 3783 945 3842 loeo
976 3782 1124 3860 dicuntur,
1155 3781 1231 3840 libro
1254 3785 1351 3859 primo

204 3879 312 3955 opponi
334 3879 460 3960 videtur,
482 3881 555 3939 talin
577 3901 642 3940 oum
664 3884 789 3958 vestigia
810 3883 1006 3960 expeditionis
1028 3884 1065 3942 ab
1087 3883 1164 3944 Osiri
1184 3885 1215 3940 in
1235 3881 1350 3941 Indiam

204 3979 299 4038 saetae
320 3984 538 4056 remansissent,
555 3981 683 4040 abludis
705 3990 739 4042 ut
761 3983 816 4042 sibi
841 3985 887 4042 dei
909 3985 1195 4060 genusvindicarent
1217 3983 1352 4042 adhibita

206 4100 267 4139 esse
285 4073 319 4159 ¹).
364 4080 423 4140 Iam
451 4082 633 4158 intellegitur
660 4072 806 4158 quomedo
834 4086 943 4144 factum
971 4087 1010 4143 sit
1038 4092 1073 4145 ut
1102 4085 1248 4144 Diodorus
1274 4105 1352 4161 quae

307 4295 332 4364 1)
352 4295 392 4350 Of.
412 4295 453 4348 III
466 4297 539 4364 63‚5
559 4298 719 4352 δείκνυσθαι
746 4297 777 4350 δὲ
803 4297 868 4366 παρ’
892 4295 987 4355 Ἰνδοῖς
1011 4301 1096 4368 μέχρι
1117 4299 1164 4351 τοῦ
1189 4299 1238 4352 νῦν
1255 4296 1306 4354 τόν
1324 4305 1375 4354 τε’

205 4378 292 4436 τόπον
311 4384 342 4437 ἰν
359 4367 380 4451 ᾧ
400 4385 500 4450 συνέβη
518 4389 651 4452 γενέσθαι.
668 4381 717 4438 τὸν
737 4382 804 4438 θεὸν
822 4388 868 4437 καὶ
884 4391 1063 4455 προςηγορίας
1081 4381 1188 4440 πόλεων
1206 4382 1255 4438 ἀπ’
1268 4383 1354 4442 αὐτοῦ

206 4468 272 4520 κατὰ
291 4466 340 4535 τὴν
367 4469 422 4522 τῶν
449 4471 590 4540 ἐγχωρίων
609 4467 758 4539 διάλεκτον,
787 4475 831 4524 καὶ
855 4469 942 4524 πολλὰ
966 4472 1043 4542 ἕτερα
1062 4474 1203 4544 διαμένειν
1221 4469 1352 4545 ἀξιόλογα
