2958 4786
714 268 746 326 19

149 443 199 508 τὸν
219 446 253 508 ἐκ
275 445 402 528 Κόλχων
422 447 462 522 είς
484 446 533 534 τὴν
559 445 688 508 ‘eluta
716 449 808 509 πλοῦν
832 445 973 532 ἐμήνυσεν
1003 439 1102 508 utrum
1129 453 1159 509 in
1181 449 1299 511 scholiis
1420 453 1422 458 '

148 553 270 610 omuino
297 572 355 610 non
383 557 465 610 extet
491 571 528 610 en
552 549 641 610 schol.
673 550 699 608 II
724 551 780 610 181
810 550 906 609 verbis
932 543 972 608 ότι
995 545 1095 632 Φρίξῳ
1122 552 1152 608 in
1179 544 1223 608 ότι
1244 551 1301 622 τοῖς

151 647 265 728 Φρίξου
287 653 430 712 connectis
451 651 601 712 inferenda
623 654 671 723 sit,
694 672 759 710 cnm
781 651 911 710 Roberte
938 645 988 728 [ef.
1013 671 1042 728 p.
1066 646 1118 730 82]
1142 645 1218 730 nege
1239 651 1300 712 dis-

148 754 229 810 cerni
253 772 348 829 posse.

251 857 270 910 4
288 846 473 930 βουλομένοις
493 849 525 913 δὲ
548 855 604 924 τοῖς
620 847 828 930 Ἀργοναύταις
849 882 890 892 -
904 847 957 911 ἐὰν
972 847 1188 923 ἀπαλλάξωσινῑ
1214 872 1297 931 repe·

147 957 269 1012 riuntur
291 954 370 1031 apud
388 954 535 1039 Hyginum
558 944 628 1035 [fob.
639 943 764 1033 XVIIII]
787 959 818 1011 et
839 951 929 1012 schol.
951 975 973 1028 μ
991 955 1040 1012 70.

253 1056 334 1113 5-8
359 1040 396 1130 ἦν
410 1049 441 1114 δὲ
452 1054 514 1124 ταῖς
524 1047 678 1130 Ἁρπυίαις
693 1049 789 1132 χρεών
800 1083 839 1094 -—
854 1049 901 1112 τὸν
914 1048 1007 1113 Φινέα
1019 1048 1117 1132 μηκέτι
1140 1045 1298 1132 ίιόικήσεινε

149 1157 224 1215 haec
246 1155 316 1215 alibi
343 1175 401 1214 ncn
423 1155 574 1232 leguntur,
606 1154 658 1213 sed
680 1153 895 1214 animadvertas
919 1153 1078 1213 Hesiodum
1107 1162 1137 1214 et
1165 1158 1212 1216 hic
1238 1165 1300 1215 esse

150 1259 312 1316 excitatum
333 1261 363 1314 et
384 1260 415 1316 in
437 1255 635 1334 compluribus
657 1255 775 1314 scholiis
798 1249 841 1331 [11
864 1257 934 1315 296.
960 1251 1035 1334 297]
1068 1278 1143 1334 quee
1165 1259 1203 1318 ad
1227 1259 1301 1317 Her·

149 1361 286 1436 pyisrnm
319 1358 447 1417 fabulam
475 1360 643 1435 pertinent:
675 1362 829 1433 praetcrea
861 1357 896 1415 cl.
919 1377 994 1434 quse
1010 1379 1099 1443 supra
1122 1349 1162 1439 [p.
1177 1362 1224 1418 15.
1248 1349 1299 1439 16]

149 1459 188 1518 de
200 1459 349 1536 Apollonii
370 1459 517 1517 mentione
540 1458 699 1536 disputavi.

253 1561 337 1637 22,2
363 1545 439 1637 ἦσαν
460 1554 491 1617 δὲ
513 1552 724 1636 ὑπερμεγέθεις
744 1540 839 1631 αὗται,
862 1547 1087 1637 συγκρουόμεναι
1114 1557 1146 1619 δὲ
1167 1556 1303 1644 ἀλλήλαις

151 1655 212 1719 ὑπὸ
223 1663 277 1738 τῆς
289 1657 345 1718 τῶν
356 1648 527 1736 πνευμάτων
537 1654 616 1736 plius:
634 1664 789 1718 ventorum
800 1660 828 1719 vi
843 1664 942 1718 cautes
955 1661 1079 1721 conlisae
1101 1683 1163 1721 esse
1178 1663 1302 1721 tradunt

150 1764 241 1822 etiam
266 1782 342 1838 quae
364 1762 503 1820 feruntur
514 1759 624 1839 Orphei
637 1761 838 1836 Argonautica
861 1750 913 1841 [vs.
931 1762 991 1819 688
1002 1753 1058 1843 sq.]
1067 1761 1106 1840 1);
1133 1765 1169 1822 ed
1191 1764 1302 1837 rnegni-

150 1863 284 1922 tudinem
302 1864 418 1939 rupium
443 1863 480 1922 cf.
499 1863 595 1922 Valer.
619 1861 714 1920 Flncc.
735 1861 790 1918 llll
815 1864 883 1921 642.

252 1951 287 2046 ἧν
308 1957 503 2022 derideretur
528 1961 578 2020 καί
606 1965 663 2033 τοῖς
683 1965 817 2032 πετεινοῖς
835 1959 870 2020 δι’
895 1958 989 2020 αὐτῶν
1008 1959 1122 2024 ἔλθεῑνι
1146 1968 1181 2023 cl.
1202 1964 1300 2023 Veler.

151 2065 208 2124 llll
231 2066 290 2124 569
314 2081 373 2141 sq.:
442 2137 444 2140 Ι

454 2210 586 2225 .....
608 2165 719 2243 qnippe
741 2184 794 2242 per
813 2165 905 2223 altnm

253 2268 374 2328 tenditis
396 2268 473 2327 unde
495 2267 596 2346 procul
618 2265 638 2338 †
659 2268 749 2337 venti,
772 2267 874 2343 procul
896 2266 972 2326 unde
997 2267 1134 2328 volucres.

154 2369 252 2428 llnbet
274 2373 430 2445 praetereo
452 2370 595 2427 Ammian.
617 2367 708 2426 Marc.
731 2366 815 2424 XXII
840 2369 868 2444 8,
882 2369 929 2425 14.

257 2471 275 2526 5
298 2463 511 2546 συλλαβομένης
525 2461 621 2544 Ἥρας
635 2464 769 2549 elpines:
814 2468 888 2526 bene
910 2468 1134 2546 discrepantium
1157 2469 1230 2526 salso
1246 2469 1303 2527 Ro·

152 2572 257 2632 bertus
287 2571 474 2629 librariorum
495 2571 542 2630 vel
566 2569 737 2646 Apollodori
759 2571 851 2627 errori
872 2569 1017 2628 adtribuit
1039 2560 1079 2651 [p.
1100 2560 1166 2649 80];
1187 2590 1223 2626 ex
1244 2590 1301 2626 nse·

152 2675 247 2732 morie
270 2693 372 2731 versus
393 2693 415 2746 μ
438 2674 477 2730 72
501 2678 567 2730 orta
592 2676 651 2729 est:

335 2769 397 2831 ἀλλ’
417 2765 495 2849 Ἥρη
517 2765 718 2849 παρέπεμψεν,
744 2767 808 2830 ἐπεὶ
829 2767 912 2850 φίλος
933 2758 984 2847 ἦεν
1001 2767 1112 2848 Ἰήσων.
1202 2817 1204 2822 .

257 2875 307 2945 23,
325 2875 359 2931 ll
375 2868 520 2932 συνείπετο
532 2868 563 2931 δὲ
572 2866 645 2954 αὐτῇ
657 2901 697 2914 -·
713 2866 918 2949 προςηγόρευσε
928 2867 1059 2946 Τόμουςε
1070 2872 1106 2930 cf.
1118 2869 1303 2948 Pherecyden

153 2975 258 3034 schell.
281 2973 340 3033 llll
365 2975 435 3034 223.
459 2975 519 3032 228
541 2974 662 3031 inserte.
1092 2980 1095 2988 ’

239 3077 336 3147 .26,1
359 3069 513 3132 Ἀπόλλων
527 3069 559 3133 δὲ
582 3118 588 3132 .
612 3120 618 3132 .
643 3119 649 3131 .
674 3119 680 3132 .
704 3067 837 3142 τοξεόσας
857 3075 896 3156 τῷ
917 3067 993 3142 βέλει
1013 3071 1055 3144 είς
1074 3069 1128 3150 τὴν
1149 3071 1304 3133 θάλασσαν

153 3171 374 3255 κατήστραψενε
398 3176 497 3234 eadem
519 3177 579 3234 lere
601 3174 741 3233 exhibent
762 3173 853 3250 Orpb.
877 3175 986 3248 Argen.
1013 3176 1093 3233 1364
1116 3194 1173 3250 sq.:

356 3322 487 3336 .....
500 3271 603 3334 Παιὰν
625 3271 651 3332 δ’
670 3269 717 3351 ἄρ’
740 3269 875 3353 ἑκηβόλος
887 3269 994 3352 ἀγχόθι
1015 3271 1106 3334 ναίων

356 3372 460 3456 Δήλου
481 3373 538 3434 ἄπο
560 3379 685 3454 κραναῆς
707 3358 776 3453 ἧκεν
795 3370 878 3452 βέλος

259 3481 277 3538 3
298 3481 397 3537 τοῦτον
418 3473 445 3537 οἱ
470 3473 525 3553 μὲν
552 3508 588 3518 -
602 3472 782 3556 Ᾰδιερηρειστο
799 3477 927 3553 γαλκοῦς
946 3482 976 3535 et
997 3471 1188 3554 ἐξαπατηθείς
1210 3471 1242 3535 δέ
1264 3508 1302 3517 -

155 3575 324 3657 τελευτῆσαι
335 3573 460 3657 λέγουσα
484 3581 520 3638 cl.
533 3599 607 3656 qnee
618 3579 654 3638 de
666 3579 820 3656 Apollonio
831 3577 964 3637 adhibito
979 3583 1009 3638 et
1021 3576 1166 3656 Sophocle
1181 3597 1303 3636 comme·

155 3687 272 3741 morato
294 3702 384 3759 snpra
406 3681 466 3740 dixi
490 3672 530 3763 [p.
557 3671 623 3762 15];
646 3688 774 3740 ceterum
797 3680 868 3739 baec
890 3679 959 3738 alibi
982 3699 1040 3738 non
1062 3681 1262 3738 inveniuntur.

259 3785 276 3840 6
298 3777 371 3856 μίαν
393 3777 425 3841 δὲ
446 3778 579 3840 ἐνταῦθα
604 3771 692 3840 νόκτα
712 3777 860 3858 μείναντες
880 3825 1007 3840 ......
1029 3777 1076 3839 τόν
1098 3776 1191 3840 πάντα
1215 3779 1305 3837 πλοῦν

154 3879 188 3942 ἐν
212 3881 343 3958 τεσσαρσί
362 3881 434 3960 μησί
456 3871 663 3952 τελειώσαντεςε
686 3883 758 3942 baec
779 3902 856 3942 unus
879 3881 1003 3959 praebet
1024 3881 1231 3958 Apollodorus.

258 3983 370 4062 Septies
392 3986 549 4043 concinunt
559 3984 678 4058 scholia,
698 3985 853 4061 quinquies
869 3981 1004 4058 Hyginus
1016 3982 1148 4041 Valerius
1160 3980 1305 4058 Orpheus,

156 4086 194 4144 de
217 4085 324 4162 quibus
351 4087 450 4143 stetim
474 4085 687 4162 disputabitnr;
712 4088 825 4143 restent
847 4088 989 4159 quattuor
1009 4083 1072 4156 leci,
1094 4088 1183 4158 etque
1206 4080 1250 4139 vel
1270 4101 1304 4136 ex

156 4189 193 4246 iis
215 4186 274 4245 duo
297 4191 363 4245 arto
384 4185 510 4262 quadam
528 4185 741 4244 necessitudine
762 4165 825 4242 cum
849 4182 966 4242 scholiis
988 4183 1142 4241 cohaerere
1160 4180 1305 4238 videntur.

156 4287 331 4364 Ostelognm
358 4289 382 4346 si
413 4295 447 4346 ut
479 4307 534 4365 par
566 4292 611 4345 cst
643 4287 818 4362 seposueris,
853 4290 952 4343 cetera
984 4303 1058 4360 qnae
1089 4281 1126 4339 ab
1149 4281 1305 4358 Apollonio

262 4491 290 4562 l)
308 4491 394 4546 Novit
412 4490 574 4561 Propertius
592 4507 715 4560 quoque:
735 4490 774 4544 lll
788 4491 831 4558 26,
845 4491 888 4543 39.
