2958 4786
662 278 695 331 59

98 457 182 514 lovis
212 456 289 514 filius
317 462 484 514 recensetur
498 451 529 534 ¹).
562 457 693 533 Denique
716 455 849 532 Dionysii
871 457 951 533 apud
972 456 1155 514 Athenaeum
1171 475 1250 514 men·

96 557 214 616 tionem
226 557 362 634 Didymo,
387 559 497 636 quippe
525 558 575 636 qui
601 558 689 636 paulo
719 558 796 616 iufra
819 559 992 631 nominetur,
1016 557 1117 626 deberi
1141 556 1252 616 adnoto

99 663 197 736 atque
219 678 294 735 quae
316 679 407 735 supra
431 659 467 716 de
489 657 736 735 Scytobraehioue
758 659 796 718 ab
819 679 854 719 eo
877 658 1033 736 compilato
1052 658 1201 734 disputavi
1222 659 1253 715 in

99 761 274 818 memorium
306 779 411 819 revoco
444 750 483 839 [p.
498 749 558 840 33].
580 790 622 799 —
642 760 683 820 At
716 761 853 838 quoniam
880 759 955 837 cycli
985 758 1127 818 vocabulo
1159 764 1251 818 totam

99 860 248 919 historiae
271 862 401 937 poeticae
423 860 527 918 molem
549 859 655 920 fabulis
682 862 819 939 deinceps
842 855 985 920 enarratis
1007 861 1091 942 quasi
1115 881 1172 920 uuo
1197 863 1251 919 cir-

99 961 169 1020 culo
192 961 346 1021 deductam
375 961 533 1039 significari
552 963 698 1039 cognitum
722 970 776 1034 est,
798 963 866 1022 huic
887 964 995 1022 rationi
1017 983 1093 1040 quae
1107 962 1252 1022 Diodorus
1359 1035 1367 1040 .

102 1063 242 1139 Dionysii
271 1063 362 1121 libros
395 1057 548 1123 recensens
581 1063 652 1123 dicit
684 1056 746 1146 [ΠΙ
761 1063 808 1138 66,
823 1055 855 1145 6]
883 1047 956 1124 bene
988 1065 1134 1142 quadrare
1165 1063 1253 1123 hodie

101 1164 207 1238 negari
239 1183 295 1222 uon
328 1165 405 1223 licet.
448 1164 506 1224 Sed
528 1167 592 1243 ipse
615 1160 708 1224 Procli
732 1164 821 1224 verba
849 1166 928 1242 apud
950 1165 1089 1224 Photium
1116 1166 1252 1242 perlegas

105 1257 364 1341 [lehn-Michaelis
385 1266 495 1342 griecb.
520 1266 681 1325 Bilderohr.
710 1286 739 1342 p.
757 1261 831 1343 98]:
854 1254 1047 1343 διαλαμβάνει
1071 1262 1103 1324 δε
1120 1264 1168 1323 καὶ
1188 1265 1253 1343 περὶ

101 1367 155 1423 τοῦ
176 1353 334 1442 λεγομένου
355 1362 456 1424 &uinco
488 1361 595 1425 κύκλου
627 1361 657 1437 ὃς
687 1362 802 1442 ἄρχεται
830 1361 886 1442 μὲν
911 1361 943 1426 ἐκ
971 1370 1022 1444 τῆς
1044 1359 1182 1444 Οὐρανοῧ
1203 1365 1253 1426 καὶ

104 1465 170 1542 Γῆς
186 1463 447 1544 μυθολογουμένης
473 1464 642 1542 μίξεως,-
673 1487 779 1545 urgere
810 1466 901 1526 nolim
931 1469 1035 1543 miram
1068 1488 1144 1546 quae
1172 1470 1253 1547 apud

107 1565 270 1626 Diodorum
294 1558 320 1648 [Ι
336 1559 365 1649 7]
388 1569 518 1628 traditur
538 1591 554 1629 e
577 1569 656 1628 caelo
679 1573 709 1628 et
731 1575 811 1629 terra
841 1571 1053 1650 cosmogoniam
1084 1591 1143 1646 qua
1175 1575 1253 1630 vete-

104 1663 171 1726 rum
201 1669 318 1727 illorum
357 1670 476 1730 deorum
510 1672 604 1731 coitus
637 1675 720 1749 quasi
760 1672 790 1730 iu
827 1669 975 1730 hominum
1006 1672 1252 1748 pragmaticorum
1329 1665 1338 1672 ’

107 1769 239 1844 linguam
252 1771 386 1840 vertitur,
409 1771 478 1847 quia
501 1771 833 1848 illamScytobrechioui
857 1771 957 1831 deberi
978 1773 1067 1831 certis
1088 1771 1253 1830 rationibus

107 1869 235 1946 probare
256 1891 314 1929 non
336 1891 464 1948 possum.
507 1871 565 1931 Sed
590 1872 661 1932 haec
689 1875 824 1950 quotiens
849 1873 907 1951 legi
916 1890 928 1942 τ,
950 1868 1149 1950 διαπορεύεται
1169 1868 1200 1932 δὲ
1219 1866 1254 1929 τά

107 1991 137 2030 aa
157 1965 250 2043 ἄλλως
268 1968 332 2049 περὶ
355 1972 434 2030 θεῶν
462 1974 519 2043 τοῖς
532 1965 650 2050 ,Ἕλλησι
678 1963 927 2052 μυθολογοῦμενα
957 1976 1054 2034 facere
1084 1993 1140 2032 non
1169 1971 1254 2049 potui

107 2071 179 2148 quin
195 2071 452 2150 Scytobrechicnis
475 2073 609 2150 copiosae
637 2075 672 2132 de
692 2075 807 2135 Baccho
830 2075 1040 2152 disputationis
1062 2074 1252 2132 meminissem

108 2202 145 2213 -
169 2172 260 2249 quid?
283 2173 360 2250 quod
382 2176 464 2251 ipsae
486 2176 685 2251 pragmaticae
708 2177 838 2234 rationes
864 2176 1005 2236 aProclo
1028 2193 1252 2235 commemoran-

109 2280 172 2334 tur:
194 2271 244 2331 καὶ
265 2268 294 2332 εἴ
311 2268 369 2333 τιού
390 2295 415 2332 τι
435 2273 485 2333 καὶ
506 2255 575 2353 πρὸξ
605 2269 733 2353 ἱστορίαν
760 2271 967 2354 ἐξαληθίζεται,
1012 2277 1167 2354 Epicorum
1192 2294 1253 2332 oar·

109 2373 216 2433 minum
239 2375 355 2434 fabulas
376 2396 394 2434 a
417 2375 558 2454 Dionysio
576 2379 759 2456 ‚saepissime
790 2379 901 2438 adferri
933 2398 1024 2456 supra
1056 2374 1254 2454 compluribus

63 2509 66 2516 ι
108 2476 177 2534 locis
199 2475 346 2553 adparuit.
390 2477 464 2558 Non!
478 2479 569 2537 ausim
594 2480 624 2537 in
645 2485 730 2540 tanta
752 2502 784 2541 re
807 2486 875 2559 post
897 2481 951 2538 viri
974 2479 1051 2537 illius
1072 2479 1252 2555 incompara-

107 2576 174 2635 bilis
204 2596 332 2637 summos
361 2576 476 2638 labores
498 2584 588 2657 atque
617 2583 722 2641 merita
744 2583 874 2639 minutiis
900 2580 1014 2656 argutis
1036 2581 1152 2638 innixus
1175 2576 1253 2635 suhi·

108 2678 214 2736 tarium
241 2678 379 2737 iudicium
401 2680 488 2749 ferre,
522 2680 597 2740 hanc
631 2689 729 2740 tamen
760 2684 955 2740 coniecturam
988 2699 1152 2758 proponere
1184 2677 1255 2736 mihi

108 2779 203 2849 liceat,
234 2784 359 2858 propter
380 2769 651 2858 crebraepicorum
684 2783 853 2841 testimonia
883 2783 1009 2860 primum
1040 2781 1121 2839 illum
1145 2779 1255 2854 cyclum

108 2879 217 2938 dietum
240 2899 301 2938 esse
324 2882 434 2958 epicum
468 2902 526 2959 quc
561 2882 768 2958 Scytobrachio
792 2890 885 2943 totam
919 2883 1071 2942 historiam
1094 2880 1255 2940 fabularem

109 2979 177 3038 inde
208 3000 226 3042 a
259 2980 358 3038 mundi
390 2981 475 3041 initio
502 3003 594 3061 usque
627 2984 664 3043 ad
694 2984 803 3044 bellum
832 2985 989 3044 Troianum
1022 2982 1257 3059 Achivorumque

109 3080 222 3140 reditus
235 3081 398 3142 rationibus
411 3086 599 3162 pragmaticis
620 3107 707 3164 quem
731 3088 898 3164 saepissime
919 3085 1059 3144 adhibitis
1081 3085 1128 3143 vel
1150 3083 1256 3142 fabulis

109 3184 232 3242 vetustis
255 3187 488 3244 commemoratis
510 3187 678 3263 complexus
700 3193 785 3246 esset.
811 3187 938 3246 Multum
960 3206 1030 3245 sane
1043 3185 1082 3244 ab
1097 3205 1131 3244 eo
1146 3183 1257 3242 distant

110 3284 204 3343 Procli
236 3285 335 3361 cyclus
369 3286 415 3343 vel
447 3287 472 3344 is
506 3286 544 3344 de
575 3308 633 3364 quo
666 3286 822 3346 Clementis
853 3287 1010 3347 scholiasta
1041 3278 1087 3367 [cf.
1111 3283 1255 3344 Welclser.

109 3403 154 3460 ep.
169 3381 250 3460 (lyci.
272 3385 329 3462 Ip.
344 3387 381 3444 32
403 3378 491 3468 aas]
516 3388 663 3465 cogitasse
684 3389 810 3458 videtur,
838 3408 932 3466 neque
952 3386 1136 3464 grammatici
1157 3391 1257 3465 poste·

108 3486 193 3543 rioris
226 3486 290 3545 aevi
313 3487 343 3545 id
365 3488 493 3564 agebant
515 3495 549 3548 ut
579 3509 665 3566 quam
692 3489 834 3568 plurimas
856 3489 1021 3549 fabularum
1043 3489 1153 3548 formas
1176 3507 1257 3547 more

115 3676 308 3684 ἦ..

212 3793 240 3862 1)
260 3791 322 3846 Non
342 3793 480 3846 omiserim
500 3797 528 3846 et
546 3793 641 3848 codice
660 3793 848 3848 Laurentiano
867 3797 896 3847 et
913 3811 945 3848 ea
965 3793 1256 3862 recensusHyginiani

112 3885 191 3952 parte
220 3899 275 3952 qua
305 3882 449 3950 catalogus
478 3882 680 3951 Apollonianus
709 3883 831 3937 refertar
866 3882 1024 3936 enumerari
1056 3882 1258 3952 quinquaginta

116 3973 246 4040 quattuor
275 3969 373 4023 heroas
401 3987 482 4037 quam
511 3971 632 4025 omnium
662 3988 795 4024 summam
816 3971 899 4024 luisse
917 3971 1064 4040 Dionysius
1084 3970 1202 4025 tradidit
1221 3971 1255 4026 cf.

114 4057 191 4111 Diod.
204 4057 258 4111 lIlI
267 4059 310 4126 41,
322 4060 351 4110 2:
373 4053 436 4116 ὥςτε
447 4054 498 4111 σὺν
508 4053 580 4127 αὐτῷ
590 4055 652 4116 τοὺς
669 4055 792 4119 ἅπαντας
801 4059 870 4114 εἶναι.
880 4053 1047 4124 πεντήκοντα
1066 4061 1112 4111 καὶ
1130 4063 1257 4128 τέτταρας

116 4151 144 4200 et
161 4163 182 4202 ο.
201 4148 243 4212 60,
262 4147 279 4198 4
297 4140 464 4212 πεντήκοντα
484 4150 637 4224 κοὶῌτρισὶν
655 4141 779 4216 ἀνδράσι.
802 4147 941 4216 [perierat
954 4148 1026 4201 euim
1040 4147 1147 4216 Iphisc.
1161 4147 1204 4214 48,
1216 4147 1253 4218 4].

113 4232 241 4291 hVenim
260 4234 325 4288 viris
336 4234 371 4288 ab
382 4233 533 4303 Apollonio
553 4236 721 4290 enumeratis
731 4253 793 4290 cum
807 4238 923 4305 propter
942 4254 981 4290 vs.
1004 4238 1052 4289 101
1073 4253 1112 4306 sq.
1132 4235 1255 4290 Theseus

114 4325 237 4378 intrusus
257 4329 336 4391 esset,
356 4324 383 4376 iu
404 4323 532 4392 catalogo
552 4323 741 4380 Laurentiano
765 4341 897 4379 numerus
917 4325 963 4380 ille
986 4327 1028 4379 ita
1047 4325 1194 4380 restitutus
1214 4329 1256 4380 est

112 4416 144 4466 ut
164 4410 313 4467 Phalereus
332 4415 361 4467 et
379 4412 487 4482 Iphitus
511 4412 631 4468 Nauboli
650 4415 669 4468 f.
696 4413 909 4484 omitterentur3
929 4415 1005 4484 apud
1030 4415 1171 4485 Hyginum
1201 4415 1250 4484 qui

113 4499 263 4558 Pirithoum
285 4519 394 4572 quoque
413 4501 559 4558 addiderat
579 4503 681 4558 desunt
698 4503 798 4558 Talaus
816 4502 900 4560 Arius
917 4503 1068 4560 Leodocus.
