2958 4786
723 234 739 283 7

149 410 261 469 melius
282 410 416 487 procedit
435 409 514 486 quod
536 429 601 468 oum
623 409 689 470 Iaso
711 409 861 484 effugisset
881 429 976 486 neque
989 409 1050 467 ulla
1064 410 1122 468 alie
1139 431 1206 487 spes
1228 417 1305 470 esset
1340 453 1343 457 -

149 511 259 586 dignas
286 531 351 568 eum
374 510 514 586 perfidiae
536 530 644 587 poenas
667 509 815 586 daturum,
838 507 941 566 Medea
969 510 1093 568 immane
1116 508 1189 568 illud
1211 512 1304 570 scelus

151 612 331 685 committit;
367 609 491 686 denique
522 610 613 669 addas
643 610 721 689 apud
753 608 925 687 Euripidem
959 608 1090 668 Iasonem
1125 630 1188 668 omn
1224 611 1304 670 haud

150 733 251 790 pauca
273 713 430 771 excusandi
453 695 540 770 causa
562 713 743 790 protulisset,
766 733 784 770 a
806 714 929 787 coniuge
950 713 1028 770 irata
1050 710 1303 771 vehementissime

150 816 319 890 vituperari
341 813 420 889 quod
441 813 512 872 hacc
543 816 639 872 omnia
661 834 720 872 non
745 819 903 890 antequam
926 811 1060 872 Creontis
1083 813 1172 871 filiam
1192 813 1222 874 in
1245 834 1304 872 ma·

152 916 327 974 trimonium
350 913 492 985 duxisset,
515 935 610 973 seeum
632 915 872 974 communicasset
893 907 1051 992 [553sq.]:

306 1011 332 1072 τό
352 1010 432 1073 τοῦδ’
454 1007 490 1072 άν
511 1007 612 1093 εὕρημ’
634 999 719 1091 εὗρον
740 1009 938 1092 εὐτυχέστερον

307 1108 327 1192 ἢ
349 1113 440 1174 παῖδα
462 1119 558 1195 γῆμαι
575 1110 716 1192 βασιλέως
735 1111 829 1194 φυγὰς
848 1109 952 1194 γαμέω

305 1214 358 1295 οὐχ
378 1201 398 1300 ᾗ
419 1215 455 1278 σὺ
472 1215 566 1291 κνίζει,
591 1215 643 1278 σὸν
662 1215 718 1294 μὲν
736 1213 885 1296 ἐχθαίρων
899 1212 1033 1296 λέχος...

225 1321 284 1376 559
306 1315 370 1378 ἀλλ’
393 1314 431 1390 τός
451 1317 482 1378 τὸ
503 1316 559 1396 μέν
578 1316 719 1398 μέγιστον,
741 1317 870 1395 οἰκοῖμεν
891 1320 1039 1389 καλῶς...

221 1423 281 1480 562
305 1417 410 1492 παῖδας
430 1417 460 1480 δέ
483 1415 631 1498 θρέφαιμ’
655 1417 741 1491 ἀξίως
761 1415 861 1496 δόμων
882 1416 962 1496 ἐμῶν

304 1517 422 1599 σπείρας
441 1520 463 1580 τ’
487 1517 630 1600 άδελφοδς
650 1521 738 1579 τοῖσιν
759 1517 791 1579 ἐκ
811 1516 898 1580 σέθεν
918 1515 1022 1590 τέκνοις

304 1620 345 1694 εἰς
364 1618 454 1682 ταύτὸ
476 1619 560 1700 θείην
579 1621 629 1682 καὶ
650 1622 829 1701 ξυναρτήσας
846 1618 930 1701 γένος

303 1719 503 1801 εὐδαιμονοίην

223 1829 281 1885 586
300 1829 379 1904 χρῆν
399 1827 425 1884 σ’
447 1819 526 1902 εἴπερ
551 1811 633 1902 ἦσθα
653 1821 699 1902 μὴ
721 1821 815 1896 κακός,
838 1820 975 1884 πάσαντά
993 1845 1031 1900 με

303 1924 411 2005 γαμεῖν
430 1923 527 2004 γάμον
549 1921 637 2004 τόνδ’,
659 1922 731 1983 ἀλλὰ
752 1921 799 2003 μὴ
822 1929 885 2010 σιγῇ
907 1922 1007 2005 φίλων.

152 2031 235 2106 apud
259 2028 430 2104 Dionysium
463 2028 518 2086 hoo
545 2049 576 2086 re
608 2048 677 2087 vcra
703 2029 768 2086 fieri
791 2021 954 2105 [c.54,v2]:
977 2024 1052 2104 μετὰ
1079 2024 1109 2087 δέ
1136 2030 1225 2087 ταῦτα
1255 2021 1299 2085 ἀεὶ

151 2129 267 2205 μᾶλλον
287 2133 338 2187 τοῦ
354 2117 462 2206 χρόνου
485 2126 538 2206 τὴν
557 2124 683 2208 φυσικὴν
703 2123 877 2205 εὐπρέπειαν
897 2124 1114 2208 ἀφαιρουμένου
1128 2123 1237 2207 λέγεται
1252 2125 1300 2186 τόν

148 2225 264 2288 Ἰάσονα
289 2229 315 2286 Γ
314 2225 419 2306 λαόκης
438 2225 601 2307 ἐρασθέντα
622 2233 673 2307 τῆς
698 2225 843 2307 Κρέοντος
874 2227 1019 2308 θυγατρός
1047 2228 1221 2307 μνηστεῦσαι
1248 2225 1299 2307 τὴν

155 2326 313 2406 παρθένον.
336 2326 591 2409 συγκαταθεμένου
615 2327 647 2391 δέ
669 2335 720 2390 τοῦΙ
750 2327 856 2410 πατρὸς
877 2329 926 2391 καὶ
947 2327 1082 2404 τάξαιπος
1108 2323 1222 2416 ἡμέραν
1243 2330 1301 2401 τοῖς

151 2428 256 2510 γάμοις
275 2428 306 2490 τὸ
327 2427 384 2508 μὲν
405 2436 518 2510 πρῶτον
538 2427 731 2509 ἐπιβαλέσθαι
754 2431 844 2512 φασὶν
858 2428 945 2491 αὐτόν
960 2429 1074 2492 πείθειν
1089 2429 1142 2508 τὴν
1153 2427 1299 2508 Μήδειαν

153 2527 288 2604 ἐκουσίως
309 2537 514 2610 παραχωρῆσαι
538 2537 588 2611 τῆς
602 2530 799 2610 συμβιώσεως·
822 2531 981 2611 βούλεσθαι
1005 2531 1061 2613 γάρ
1084 2529 1172 2610 άλλην
1192 2532 1298 2610 γαμεῖν

154 2631 207 2692 oria
228 2629 485 2709 ἀποδοκιμάσαντα
507 2630 560 2712 τὴν
576 2632 645 2712 πρός
665 2631 758 2712 αὐτὴν
783 2628 909 2711 ὁμιλίαν,
930 2632 1004 2694 ἀλλὰ
1019 2639 1075 2706 τοῖς
1094 2629 1199 2705 τέκνοις
1213 2628 1297 2692 σπεό·

153 2733 237 2794 δοντα
258 2732 381 2813 συγγενῆ
403 2731 450 2794 τὸν
478 2738 529 2794 τοῦ
548 2729 687 2812 βασιλέως
707 2725 787 2794 οἷκον
807 2739 936 2813 ποιῆσαι.
961 2723 1175 2814 ἀγανακτούσης
1194 2729 1226 2793 δέ
1248 2737 1299 2812 τῆς

154 2833 286 2915 γυναικὸς
304 2833 354 2893 καὶ
377 2832 465 2907 &soi-g
483 2831 700 2914 μαρτυρομένης
719 2833 784 2908 το“ς
803 2832 931 2909 ἐπόπτας
943 2832 1113 2916 γενομένους
1134 2833 1189 2895 τῶν
1205 2830 1297 2914 ὅρκων

152 2935 224 3015 φασὶ
245 2934 293 2995 τὸν
312 2932 424 2995 Ἰάσονα
446 2934 705 3016 καταφρονήσαντα
728 2943 792 2997 τῶν,
803 2933 894 3018 ὅρκων
914 2943 1010 3018 γῆμαι
1028 2935 1081 3015 τὴν
1096 2941 1146 2997 τοῦΙ
1157 2931 1297 3015 βασιλέως

154 3033 308 3118 θυγατέρα.

250 3139 325 3199 Sane
347 3141 439 3216 igitur
456 3141 610 3216 Dionysius
627 3142 800 3218 Euripidem
824 3161 923 3219 presse
945 3147 1062 3200 secutus
1084 3162 1146 3200 csse
1170 3141 1296 3213 videtur,

153 3261 258 3318 paucos
280 3248 379 3299 tamen
405 3242 483 3300 locos
516 3249 550 3300 ut
580 3241 681 3299 melior
701 3245 858 3319 aptiorque
879 3261 977 3300 rerum
1009 3241 1080 3299 ordo
1110 3248 1140 3298 ct
1169 3261 1295 3300 conexus

154 3343 364 3410 rest'tuerctur‚
398 3343 561 3400 conrexisse
583 3348 673 3419 atque
702 3345 745 3400 ita
774 3343 892 3420 quidem
919 3345 1082 3401 concoxisse
1100 3348 1135 3401 ut
1156 3360 1244 3400 causa
1265 3347 1297 3400 et

154 3443 227 3501 ratio
260 3447 449 3501 oonrccturae
480 3445 664 3520 apertissime
697 3444 833 3504 eluceret.
877 3448 918 3502 At
948 3464 1018 3502 num
1047 3447 1076 3501 in
1105 3443 1160 3501 hoc
1188 3441 1296 3501 iudicio

152 3663 205 3716 τοῖς
224 3653 381 3730 φαρμάκοις
399 3652 448 3721 τὴν
465 3649 545 3724 αὐτῆς
563 3652 634 3726 ὄψιν
651 3662 697 3711 καὶ
719 3656 769 3726 τὴν
786 3661 876 3713 οἰκίαν
893 3653 1004 3730 ὑφάψαι
1025 3653 1110 3728 ῥίζιόν
1127 3678 1151 3710 τι
1170 3663 1294 3727 προςδεῖ·

154 3763 204 3800 σαν
228 3743 381 3816 εὑρημένον
408 3747 463 3810 μὲν
490 3743 544 3799 ὑπὸ
571 3752 672 3815 Κίρκης
699 3747 745 3813 τῆς
771 3741 901 3817 ἀδελφῆς,
929 3741 1050 3815 δόναμιν
1076 3746 1102 3798 δ’
1130 3747 1197 3816 ἔχον
1224 3741 1296 3799 ἐπάν

153 3835 258 3907 ἐξαφθῇ
277 3831 526 3903 δυσκατάσβεστον.
552 3829 634 3908 άφνω
653 3837 688 3888 δέ
710 3837 893 3906 φλεγομένων
919 3837 974 3889 τῶν
1002 3837 1149 3901 βασιλείων
1173 3831 1296 3905 τὸνμὲν

151 3917 255 3976 Ἰάσονα
283 3929 388 3995 ταχέως
415 3925 578 3994 ἐκπηδῆσαι,
602 3921 652 3991 τὴν
674 3924 706 3977 δὲ
725 3920 848 3990 Γλαύκην
872 3921 984 3976 καὶτὸν
1003 3927 1127 3992 Κρέοντα
1145 3921 1192 3974 τοῦ
1210 3918 1296 3991 πυρὸς

153 4009 410 4081 περικαταλαβόντος
438 4013 634 4084 διαφθαρῆναι.
676 4013 723 4067 Vel
749 4013 777 4066 in
798 4011 910 4067 scholiis
929 4012 975 4081 [ad
993 4029 1024 4066 vs
1045 4011 1109 4082 375]
1129 4009 1293 4064 adnotatum

153 4104 192 4152 est
210 4106 321 4168 poetam
333 4102 362 4156 iu
381 4103 433 4157 hac
451 4119 482 4155 re
500 4119 598 4170 perum
611 4103 664 4156 sibi
677 4103 850 4157 constitisse:
870 4103 930 4160 noir
948 4101 1169 4171 ἐπαγγειλαμένη
1188 4095 1295 4152 ἇνιλιῐν

153 4184 197 4240 τὸν
211 4183 319 4243 Ἰάσονα
338 4187 387 4242 οὐκ
405 4187 508 4255 άνεῖλε,·
526 4193 581 4244 κτλ.
611 4190 740 4244 Ceterum
763 4207 826 4244 curn
847 4195 909 4243 tota
927 4188 1005 4258 regia
1024 4189 1147 4256 arsisset,
1165 4185 1293 4239 Medeam

152 4275 268 4330 infantes
286 4296 397 4333 necasse
409 4284 514 4334 Seneca
532 4295 641 4348 quoque
659 4278 779 4333 tradidit
797 4279 848 4349 [vs.
866 4277 919 4332 892
933 4277 994 4348 sq.].
1030 4276 1112 4344 Apud
1131 4273 1293 4342 Euripidem

152 4383 238 4435 neque
255 4367 414 4421 incendium
435 4368 525 4422 oritur
544 4371 655 4439 etpost
673 4367 795 4422 filiorum
813 4367 927 4423 caedem
945 4368 1079 4422 Glaucam
1093 4364 1295 4431 Creontemque

153 4456 265 4522 periisse
283 4455 383 4511 Medea
401 4458 506 4511 certior
523 4456 563 4512 fit.
