2958 4786
607 265 709 338 sss

120 465 277 540 expositae
308 451 343 541 [c.
361 461 411 530 46,
423 448 452 539 3]
476 504 482 517 .
500 505 505 518 .
523 503 529 515 .
556 459 627 516 καθ’
650 452 682 517 ὃν
710 453 748 536 δὴ
766 452 873 536 χρόνον
894 455 958 531 τούς
973 451 1191 539 Ἀργοναύτας.
1209 511 1215 524 .
1233 511 1240 524 .
1258 509 1264 522 .

113 557 216 633 νυκτός
258 560 452 619 καταπλεῦσαι
486 561 537 636 τῆς
567 555 711 638 Κολχίδος
748 555 789 630 εἰς
825 556 856 618 τό
889 557 1094 638 προειρημένον
1136 559 1263 641 τέμενος·

112 657 193 722 ἔνθα
229 659 266 740 δὴ
300 654 498 740 περιτυχόντας
529 663 562 743 τῇ
596 656 715 742 Μηδείᾳ
750 655 922 744 πλανωμένῃ
955 661 1020 741 περὶ
1054 659 1104 722 τὸν
1135 661 1267 743 αἰγιαλόν

117 809 244 824 ......
277 784 336 822 non
368 766 482 822 nescius
514 763 647 824 Valerius
679 764 813 822 Medeam
845 770 931 824 noctu
961 773 997 824 ut
1024 763 1171 824 Phoebum
1204 768 1266 844 pla·

115 871 199 925 earet
231 866 317 925 domo
349 861 496 942 egressam
517 869 549 922 et
570 865 750 941 Argonautis
772 866 801 921 in
832 865 919 924 litore
941 871 1139 925 occurrentem
1164 868 1266 926 fecisse

115 969 236 1028 videtur
258 969 294 1026 cf.
318 967 343 1025 V
362 968 421 1024 329
434 983 477 1042 sq.
502 967 619 1042 341sq.
643 968 758 1042 350sq.

216 1069 319 1146 Neque
351 1087 437 1148 vero.
458 1069 594 1146 cuiquam
622 1068 732 1150 opinor
759 1066 1025 1146 Thilo-persuasit
1050 1069 1122 1126 hacc
1145 1089 1180 1126 cx
1201 1069 1282 1146 ipso¹
1355 1093 1359 1121 ι

107 1162 291 1252 klhodoio'a'
309 1169 425 1228 Valerio
456 1167 611 1244 desumpta
633 1187 705 1227 esse.
736 1154 830 1240 Quid?
857 1174 974 1246 poetam
997 1156 1158 1227 Romanum
1178 1169 1266 1246 primi
1351 1146 1355 1164 ¹

118 1251 147 1350 p.
171 1272 202 1332 C.
223 1293 251 1330 n.
276 1266 385 1330 saeculi
408 1269 597 1329 irt'carminis
620 1255 825 1347 argumentum
849 1275 880 1328 et
899 1271 1051 1328 materiam
1074 1261 1159 1328 docte
1181 1269 1265 1327 uudi·
1341 1270 1344 1321 t

118 1393 174 1454 que
195 1374 406 1448 conquisivisse
422 1373 571 1430 videretur
586 1373 785 1449 orationisque
799 1393 833 1430 ac
848 1391 983 1430 versuum
1000 1369 1163 1446 elegantiae
1181 1370 1265 1428 fabu-

120 1476 215 1534 larum
237 1474 362 1532 adderet
385 1475 553 1550 novitatem,
587 1475 612 1531 ei
644 1475 758 1532 auctori
790 1474 920 1533 studium
950 1478 989 1530 et·
1002 1491 1120 1549 operam
1144 1487 1265 1530 navasse

119 1577 168 1652 qui
190 1577 246 1635 nisi
269 1595 287 1634 a
309 1574 502 1652 scriptoribus
525 1574 701 1634 Christianis
723 1573 929 1649 Byzantinisve
950 1593 1098 1651 nunquam
1123 1575 1162 1632 sit
1183 1572 1265 1632 lecti-

118 1683 199 1736 tatus
214 1673 249 1748 ¹),
272 1677 322 1751 qui
344 1675 597 1752 ex'quadraginta
627 1673 709 1732 libris
739 1674 814 1732 duos
843 1673 881 1733 ad
908 1674 1084 1734 Graecorum
1114 1675 1265 1734 historiam

118 1779 278 1838 tabularcm
301 1776 431 1835 breviter
453 1775 645 1835 enarrandam
667 1776 868 1847 destinaverit,
890 1779 941 1853 qui
964 1777 1203 1854 Argonautarum
1225 1774 1265 1831 f-

120 1878 205 1936 bulae
227 1878 331 1935 misere
354 1877 473 1935 confusa
494 1882 584 1953 atque
606 1877 781 1953 perturbata
796 1877 903 1936 rudera
921 1873 1129 1954 proposuerit?
1149 1873 1269 1933 Scilicet

119 1979 210 2037 eidem
231 1985 337 2054 poetae
360 1979 466 2036 veteris
497 1977 648 2037 doctrinae
671 1981 768 2055 copias
796 1979 869 2037 adeo
887 1968 1016 2054 ¹praesto
1036 1981 1126 2056 luisse
1147 1987 1182 2038 ut
1202 1982 1265 2057 ipse

123 2079 264 2139 lierodori
296 2077 378 2136 libris
401 2083 535 2138 uteretur
558 2084 648 2155 atque
669 2079 829 2137 Diodorum
850 2080 969 2155 dignum
992 2079 1083 2139 videri
1100 2100 1184 2157 quem
1209 2080 1266 2136 lec·

120 2183 240 2260 tibimet·
254 2179 339 2237 Thilo
362 2181 520 2238 existimat.
565 2178 640 2238 Sane
662 2179 762 2257 Tiphy
784 2184 899 2237 mortuo
921 2181 1062 2257 Erginum
1084 2201 1188 2240 navem
1210 2200 1264 2256 gu·

118 2283 257 2340 bernassc
281 2287 312 2339 et
333 2281 410 2358 apud
424 2280 572 2338 Valerium
594 2268 628 2358 [V
643 2268 695 2359 65]
717 2280 826 2354 legitur
850 2287 880 2338 et
901 2282 930 2337 in
953 2280 1264 2358 schol.Apoll.'11895
1355 2352 1358 2358 Ι

121 2383 303 2458 Herodorus
318 2389 423 2440 auctor
457 2387 512 2452 est,
546 2381 596 2438 sed
629 2381 679 2438 alii
706 2379 852 2440 adcedunt
885 2382 939 2440 loci
971 2382 1077 2459 quibus
1110 2382 1265 2440 aValerio

118 2484 217 2542 eadem
241 2489 330 2558 atque
352 2483 381 2540 in
404 2481 521 2540 scholiis
543 2488 702 2540 narrantur
724 2502 819 2559 neque
841 2473 914 2541 eaa
935 2483 1064 2542 Diodoro
1086 2483 1264 2560 discrepant.

118 2584 205 2662 Apud
239 2585 319 2642 illum
353 2585 427 2642 euim
462 2589 528 2641 tota
558 2603 634 2658 quae
656 2603 679 2642 c.
701 2582 800 2642 tide
822 2584 918 2640 Aeeta
936 2587 1091 2642 enarratur
1114 2583 1215 2641 sabula
1235 2584 1264 2640 in

118 2687 235 2745 oraculo
259 2686 387 2762 quodam
410 2684 519 2743 Aeetae
541 2685 577 2742 de
599 2697 688 2742 aureo
711 2684 817 2743 vellere
840 2679 943 2759 dat02)
967 2685 1101 2744 vertitur.
1133 2682 1215 2742 Vnde
1239 2686 1264 2742 ai

119 2789 210 2846 vellus
233 2808 249 2845 e
270 2787 376 2845 Martis
399 2787 466 2848 fano
488 2786 620 2845 ablatum
642 2794 720 2845 esset
742 2805 773 2845 se
803 2786 967 2863 periturum
991 2805 1053 2844 csse
1075 2805 1138 2844 curn
1160 2803 1266 2862 cogno·

117 2891 216 2959 visset,
240 2906 337 2962 regem
364 2888 474 2964 templo
493 2887 606 2945 Tauros
629 2888 764 2946 custodes
787 2887 957 2964 adposuisse
980 2891 1010 2946 et
1030 2885 1145 2945 velleris
1167 2891 1263 2944 custo-

118 2989 194 3048 diaru
219 2987 358 3046 Draconti
392 2987 507 3046 cuidam
541 2991 733 3060 commisisse;
767 2989 917 3046 nominum
944 2985 1132 3045 similitudine
1157 2987 1265 3045 laetum

118 3109 178 3148 esse
201 3095 236 3147 ut
258 3088 361 3147 Gracci
394 3088 429 3145 de
461 3089 554 3146 tauris
584 3089 677 3164 ignem
710 3089 893 3148 vomentibus
921 3093 951 3146 et
972 3087 1111 3146 draconta
1141 3089 1265 3150 insomni

117 3193 218 3269 inepta
248 3190 461 3249 fabularentur.
505 3189 567 3248 Hae
598 3193 732 3268 argutiae
752 3193 797 3249 cui
818 3188 934 3248 fabulae
956 3187 1180 3264 adhibebantur,
1202 3207 1263 3246 eam

119 3294 172 3351 hoc
198 3290 308 3351 scholio
324 3292 517 3367 Apolloniano
540 3292 607 3348 olim
631 3292 793 3369 expositam
816 3278 1196 3369 fuisseelucetll1159tlz
1225 3281 1264 3346 όπ

119 3389 149 3452 δὲ
170 3388 300 3470 χρησμὸς
321 3378 358 3467 ἤν
381 3386 484 3474 Αἰήτῃ
507 3385 658 3466 δεδομένος
678 3385 735 3450 ύπό
759 3395 814 3449 τῶν
838 3387 928 3450 αὐτοῦ
955 3384 1082 3469 ἐγγόνων
1102 3382 1266 3448 ἀπολέσθαι.

118 3493 166 3553 καί
185 3488 354 3569 Ἡρόδωρος
385 3489 417 3551 ἕν
439 3495 494 3563 τοῖς
511 3488 719 3570 Ἀργοναύταις
737 3485 887 3568 ἱσιορεῖθ).
918 3487 1018 3550 παύων
1041 3487 1124 3550 ἕνεκα
1146 3488 1194 3548 καῖ
1216 3487 1266 3573 τὴν

118 3591 208 3666 ζεῦξιν
229 3591 286 3652 τῶν
307 3588 420 3668 παύρων
441 3587 516 3670 λέγει
538 3588 624 3651 αὐτὸν
644 3589 805 3670 ἐπινοῆσαι,
830 3596 964 3669 quoniam
989 3593 1081 3652 Aeeta
1103 3571 1160 3649 non
1182 3611 1216 3650 ea
1230 3591 1266 3648 de

118 3717 207 3758 causa
233 3702 334 3756 tauros
355 3696 436 3770 iungi
459 3696 545 3753 iussit
573 3714 608 3752 ne
631 3694 667 3752 ab
687 3696 780 3771 ipsius
804 3695 944 3772 progenie
967 3693 1193 3768 interficeretur,
1216 3693 1266 3752 sed

119 3805 151 3857 ut
179 3798 347 3876 quicunque
369 3797 462 3855 vellus
485 3816 605 3855 aureum
628 3797 817 3855 auferendum
843 3795 899 3854 sibi
921 3795 1130 3873 proposuisset,
1154 3813 1266 3852 stimma

118 3954 318 3964 -μ-

228 4045 253 4114 1)
273 4044 351 4099 Nihil
368 4045 443 4100 valet
462 4045 534 4113 quod
552 4044 658 4100 Plinius
682 4045 719 4114 [h.
740 4063 766 4098 n.
792 4059 914 4112 prooem.
935 4039 979 4110 25]
998 4039 1182 4094 bibliothecae
1199 4038 1267 4102 titu-

119 4134 176 4188 lum
193 4136 401 4187 commemorat.
723 4125 724 4129 ¹
1078 4133 1082 4142 “

221 4224 249 4291 2)
268 4239 291 4275 c.
309 4221 393 4286 lm:
425 4219 494 4292 μετὰ
521 4222 552 4274 δὲ
578 4222 659 4274 ταῦτα
686 4216 854 4288 βασιλεύοντι
879 4220 924 4284 τῆς
943 4217 1080 4287 Κολχίδος
1096 4213 1183 4286 Αἰήτῃ
1200 4233 1266 4284 χρη·

120 4310 196 4384 σμὸν
214 4311 343 4364 ἐκπεσεῖν
360 4305 399 4362 ότι
420 4304 479 4376 πότε
501 4315 682 4380 καταστρέψει
708 4308 756 4362 τόν
780 4314 841 4376 βίον
859 4304 926 4362 ὅταν
943 4309 1013 4366 ξένοι
1033 4297 1267 4358 καταπλεύσαντες

118 4399 148 4454 τὸ
166 4392 365 4470 χρυσόμαλλον
383 4399 461 4469 δέρος
480 4394 661 4469 ἀπενέγκωσι.
679 4397 713 4453 cl.
732 4397 748 4466 §
769 4399 793 4450 6.
1083 4383 1085 4386 ¹

221 4489 250 4557 3)
270 4487 344 4540 llaec
362 4487 463 4541 iterum
482 4505 521 4543 vs.
534 4488 585 4541 605
605 4487 745 4556 adscripta
764 4488 836 4540 suut.
916 4475 917 4478 ¹
949 4560 951 4564 ι
