2958 4786
676 269 711 320 4⁷

104 451 278 508 necessitas
301 451 379 507 inter
394 449 477 507 illum
493 447 725 524 Dionysiamque
746 448 918 525 intercedat,
939 455 1020 508 certo
1032 451 1095 508 erui
1109 471 1165 508 non
1180 471 1266 528 posse

16 589 17 606 ι
105 553 345 608 consentancum
379 556 433 620 est,
456 556 553 608 tamen
591 553 710 624 praeter
740 547 878 607 Liberum
912 548 989 608 lovis
1022 555 1052 608 et
1073 551 1266 630 Proserpinae

16 667 17 726 j
104 650 210 709 filium
236 645 306 724 [Cic.
329 651 349 708 l.
373 671 396 710 c.
413 650 493 720 ξ58.
517 648 636 707 Diodor.
660 649 776 721 11163,
795 652 822 707 1.
847 649 959 720 11114,
976 644 1007 726 1]
1029 651 1164 728 Orphicis
1185 653 1265 714 debi-

103 745 220 823 tum1)
254 749 400 810 Ciceronis
428 743 532 808 ‘Liber
572 754 695 826 quartus
725 749 796 808 Iove
819 757 847 810 et
869 751 953 808 Luna
986 755 1073 810 uatus
1103 755 1150 810 cui
1182 775 1266 814 sacra

108 849 249 929 Orphica
271 856 417 928 putantur
440 847 553 909 confici'
587 851 626 908 ad
647 849 781 926 Dionysii
802 850 948 909 Bacchum
974 851 1097 911 alterum
1121 873 1138 910 a
1159 854 1265 932 Libyis

107 954 310 1012 constitutum
346 953 474 1029 quadrat
507 951 571 1022 [HI
594 953 642 1021 74,
659 951 703 1023 1];
737 947 785 1008 τὸν
811 945 842 1008 δὲ
875 946 1008 1028 δεύτερόν
1029 973 1118 1032 φασιν
1146 951 1267 1026 ἑξἸοῦς

107 1057 171 1132 τῆς
192 1049 304 1131 Ἰνάχου
327 1049 376 1112 Διὶ
405 1042 559 1130 γενόμενον
579 1051 747 1128 canusiam
768 1047 824 1127 μὲν
844 1049 895 1129 τῆς
914 1048 1081 1130 Αἰγύπτου,
1102 1047 1266 1126 τιαταδεῑξαι

110 1151 148 1214 δὲ
178 1151 227 1226 τὰς
254 1150 362 1224 ’τελετάς
382 1185 421 1194 -
449 1155 619 1230 saepissime
646 1154 720 1211 enim
750 1153 785 1212 Io
814 1153 852 1212 ad
879 1153 991 1212 Lunam
1023 1156 1151 1212 refertur
1172 1187 1213 1195 —
1236 1161 1266 1214 et

107 1251 240 1314 ‘tertius
257 1303 264 1314 .
281 1301 287 1315 .
306 1301 336 1314 ..
361 1257 408 1314 cui
433 1255 555 1314 Sabazia
584 1260 655 1314 sunt
685 1243 835 1313 instituta'
866 1255 952 1313 alteri
984 1255 1117 1332 Dionysii
1151 1257 1264 1316 Baccho

112 1357 231 1418 Gracco
254 1359 326 1416 satis
347 1357 450 1415 similis
472 1377 535 1414 esse
557 1355 674 1414 videtur
697 1349 780 1430 [IIII
795 1355 824 1425 4,
844 1348 873 1432 1]
896 1357 936 1438 τηῖ
954 1349 1012 1412 tud
1034 1375 1116 1412 τινων
1127 1351 1265 1440 Σαβαζίῳ

114 1452 335 1540 ὀνομαζομένην.
362 1458 472 1516 Deinde
494 1457 660 1516 fabularum
685 1457 721 1515 de
742 1456 856 1515 Baccho
871 1457 974 1516 Indico
997 1456 1064 1516 inde
1085 1457 1124 1515 ab
1136 1458 1265 1516 Alexan·

114 1563 173 1620 dro
196 1561 307 1636 Magno
330 1560 515 1636 volgatarnm
538 1565 673 1618 naturam
701 1564 791 1635 atqua
818 1558 945 1618 indolem
968 1559 1110 1618 hocloco
1132 1560 1265 1620 fuscex·

117 1682 230 1740 ponere
246 1682 301 1720 non
325 1661 407 1719 licet:
430 1660 484 1720 hoc
506 1681 595 1719 unum
619 1660 755 1720 adnotari
778 1660 863 1718 velim
876 1659 1010 1737 Dionysii
1024 1661 1167 1720 Bacchum
1182 1663 1264 1720 illum

116 1767 307 1822 veterrimum
322 1762 400 1840 apud
411 1762 501 1821 Indos
514 1769 614 1822 natum
628 1767 717 1839 atque
736 1762 899 1835 educatum,
921 1766 1003 1822 cuius
1023 1767 1143 1840 praeter
1162 1762 1266 1840 Scyta-

116 1864 305 1923 brachionem
329 1883 405 1922 unus
427 1869 570 1940 qnantum
591 1867 649 1922 scio
670 1861 868 1922 Philostratus
892 1856 1114 1941 [rit.Apcll.II
1130 1857 1164 1940 9]
1188 1884 1266 1922 men·

118 1967 229 2024 tionem
245 1965 322 2032 lecit,
342 1964 481 2023 adcurate
503 1985 520 2023 a
544 1964 658 2023 Baccho
681 1963 792 2022 Graeco
818 1983 903 2040 quem
932 1970 1027 2024 totum
1050 1963 1148 2022 orbem
1171 1975 1270 2024 terra·

119 2087 184 2126 rum
208 2071 400 2143 pervagatum
423 2066 538 2124 Indiam
561 2086 679 2143 quoqne
702 2066 847 2124 domuisse
874 2065 993 2143 plurimi
1015 2041 1265 2142 poctae'scripto·

117 2189 224 2244 reaque
246 2166 404 2237 tradidere,
426 2167 645 2226 discernendum
669 2187 741 2226 esse.
785 2165 917 2242 Denique
938 2186 973 2224 ne
995 2167 1043 2224 hic
1066 2166 1183 2241 quidem
1198 2167 1266 2226 Pin-

120 2269 183 2326 dari
209 2267 315 2326 desunt
341 2270 467 2344 vestigia
494 2263 546 2344 [cl.
577 2287 666 2345 supra
688 2288 718 2346 p.
735 2269 775 2326 20
789 2261 865 2344 sq.]:
894 2268 972 2326 illius
994 2269 1069 2326 enim
1094 2273 1139 2326 cst
1162 2261 1280 2328 sarilo?

121 2371 221 2446 quium
244 2368 322 2444 quod
344 2369 423 2446 apud
447 2367 608 2427 Diodorum
642 2372 724 2426 extat
751 2369 873 2446 nominis
896 2367 1019 2445 Dionysi
1031 2363 1066 2445 ²),
1090 2389 1184 2446 noque
1199 2368 1264 2436 vscio

120 2476 219 2529 utrum
248 2489 282 2528 ao
310 2489 346 2527 an
370 2469 563 2547 Neoptolemo
585 2469 672 2536 Pario
687 2466 712 2544 ³)
744 2475 862 2528 arictore
885 2467 1096 2546 Scytobrachio
1118 2469 1264 2529 Bacchum

121 2591 274 2650 pomorum
298 2572 406 2630 cultum
427 2573 571 2630 invenisse
592 2571 759 2630 tradiderit.
783 2571 1006 2648 Neoptolemum
1022 2571 1112 2631 schol.
1125 2571 1265 2649 Apollll

121 2675 179 2732 299
202 2675 286 2732 iuxta
296 2673 541 2749 Naupacticorum
553 2677 669 2749 poetam
686 2677 716 2730 et
730 2671 929 2749 Pherecydarn
950 2673 1166 2732 commemorari
1187 2677 1265 2730 certe

120 2795 177 2834 non
200 2773 383 2850 neglegatur.

218 2875 260 2934 nt
282 2874 440 2952 Dionysius
462 2895 520 2934 non
550 2879 624 2942 satis
648 2874 754 2934 hahuit
778 2874 816 2934 'de
836 2875 960 2934 Bacchis
983 2873 1157 2933 Graecorum
1181 2871 1266 2930 ludc-

121 2997 185 3035 rum
209 2975 337 3052 Libyunr
361 2977 514 3054 disputare
536 2977 588 3035 sed
610 2978 697 3035 etiarn
722 2977 821 3036 Osirin
843 2977 1025 3053 Aegyptium
1048 2975 1190 3034 adiunxit.
1219 2974 1266 3031 Ibi

121 3079 194 3135 enirn
218 3079 295 3136 redit
317 3076 448 3136 Bacchus
472 3078 571 3154 Nysae
593 3079 734 3137 educatus
756 3068 783 3158 [Ι
803 3079 849 3147 15,
862 3067 906 3157 6]:
936 3071 1073 3154 γενέσθαι
1095 3070 1126 3132 δὲ
1148 3073 1197 3132 καὶ
1219 3094 1265 3152 φι-

120 3172 279 3256 λογέωργον
301 3173 348 3235 τὸν
365 3173 474 3253 Ὄσιριν
495 3175 545 3235 καὶ
565 3173 711 3256 τραφῆναι
732 3173 789 3252 μὲν
810 3179 861 3253 τῆς
880 3172 1053 3251 εὐδαίμονος
1071 3170 1215 3252 Ἀραβίας
1234 3169 1267 3231 ἐν

124 3275 207 3360 Νύση
232 3273 349 3355 πλησίον
369 3272 528 3356 Αἰγύπτου
549 3273 621 3348 Διὸς
641 3272 708 3336 ὄντα
732 3273 824 3334 παῖδα
846 3275 896 3333 καλ
918 3272 971 3352 τὴν
990 3271 1178 3352 προςηγορίαν
1192 3267 1267 3351 ἔχειν
1381 3319 1384 3325 .

121 3375 200 3456 παρὰ
222 3380 279 3449 τοῖς
297 3373 426 3455 Ἓλλησιν
449 3365 509 3437 aiud
531 3399 559 3437 τε
579 3382 630 3436 τοῦ
656 3373 762 3455 πατρὸς
786 3375 835 3435 καλ
859 3380 909 3436 τοῦ
934 3371 1023 3434 τόπου
1034 3371 1177 3433 Διόνυσον
1196 3394 1264 3450 μετ·

122 3473 326 3556 ονομασθέντα
349 3486 379 3539 et
402 3482 545 3540 cervesiae
566 3481 701 3538 inventor
722 3479 760 3538 ab
781 3481 925 3538 universis
947 3477 1112 3538 hominibus
1133 3495 1189 3554 pro
1211 3477 1265 3535 deo

121 3581 241 3642 habitus
264 3578 294 3657 [Ι
310 3585 359 3654 20,
375 3573 422 3664 3]:
444 3577 520 3653 τέλος
540 3577 571 3640 δὲ
600 3578 648 3639 τὸν
664 3577 774 3659 Ὄσιριν
799 3584 896 3640 πᾶσαν
916 3576 969 3659 τὴν
994 3571 1162 3655 οἰκουμένην
1183 3573 1264 3634 ἐπελ-
1347 3565 1354 3577 ’

121 3677 215 3741 θόντα
237 3679 286 3742 τὸν
306 3680 403 3741 κοινὸν
430 3680 496 3759 βίον
525 3685 578 3752 τοῖς
608 3675 801 3760 ἡμερωτάτοις
825 3683 946 3758 καρποῖς
965 3677 1164 3757 εἰεργετῆσαι·
1186 3674 1213 3735 εἰ
1235 3671 1267 3735 δὲ

120 3803 158 3854 τις
174 3779 257 3859 χώρα
279 3779 309 3840 τὸ
332 3780 424 3862 φυτὸν
453 3787 504 3860 τῆς
528 3777 661 3861 ἀμπέλου
687 3780 733 3862 μὴ
761 3776 947 3860 προςδέχοιτο,
976 3768 1089 3864 διδάξαι
1109 3774 1140 3836 τὸ
1160 3773 1192 3837 ἐκ
1215 3782 1267 3855 τῆς

222 4039 249 4109 1)
269 4039 308 4092 ef.
328 4039 447 4094 Loheck.
466 4039 601 4110 Aglaoph.
622 4039 635 4093 Ι
653 4057 680 4109 p.
694 4039 747 4092 547
761 4057 800 4108 aq.

220 4128 246 4198 2)
267 4128 307 4182 cf.
326 4129 371 4182 Et.
391 4129 427 4183 M.
447 4148 473 4200 p.
489 4131 550 4192 277,
562 4129 596 4182 39
611 4169 616 4182 .
632 4169 658 4182 ..
679 4131 705 4180 οἱ
729 4128 760 4181 dl
783 4124 840 4180 άπὸ
859 4126 907 4179 τοῦ
925 4122 992 4184 Διὸς
1015 4127 1059 4177 καὶ
1085 4125 1130 4187 τῆς
1153 4118 1266 4190 Νὑσσης

122 4216 168 4267 τοῦ
187 4209 266 4286 ὅρους
286 4212 448 4288 ὠνομάσθαι
470 4218 529 4270 ἐπεὶ
549 4218 579 4271 ἔν
597 4212 681 4286 τούτῳ
701 4209 834 4285 ἐγεννήθη
854 4213 890 4273 ὠς
903 4213 1042 4283 Πίνιλαρος
1057 4216 1103 4265 καὶ
1120 4207 1265 4283 ἀνετράφη.

219 4307 246 4373 3)
265 4305 303 4359 (ll.
322 4305 402 4359 Pind.
420 4305 453 4360 fr.
473 4308 523 4360 125
533 4306 652 4361 Boeckh.
672 4305 772 4358 Athen·
793 4302 969 4372 111p.82D:
991 4297 1187 4372 Νεοπτόλεμος
1205 4300 1230 4352 d'
1249 4297 1264 4353 ὁ

123 4388 262 4462 Παριανὸς
279 4394 309 4448 ἓν
327 4397 358 4466 τῇ
368 4390 527 4447 Διονυσιάδι
548 4397 593 4446 καὶ
610 4390 691 4452 αὐτὸς
708 4395 812 4460 ἱστορεῖ
830 4389 866 4449 ὠς
885 4387 939 4444 ὑπὸ
950 4385 1086 4446 Διονύσον
1100 4388 1267 4460 εὑρεθέντων

122 4483 175 4535 τῶν
193 4477 289 4552 μήλων
309 4478 436 4554 καθάπερ
455 4487 500 4536 καὶ
521 4484 575 4538 τῶν
594 4478 683 4536 ἄλλων
703 4477 870 4553 ἀκροδρύων.
889 4480 924 4536 ci.
945 4499 972 4550 ρ.
985 4483 1019 4534 78
1030 4481 1058 4534 C.
