2958 4786
752 239 770 292 8

188 421 378 498 adquiescere
392 420 487 496 liceat,
504 418 550 478 vel
567 437 600 476 ea
617 417 652 474 de
674 435 762 475 causa
783 416 901 475 dubium
918 421 964 474 est
986 417 1228 493 quodHerculem
1237 419 1338 494 Argo·

186 525 343 580 nautarum
367 519 469 578 ducem
490 519 581 577 inisse
602 517 714 595 primus
733 536 791 575 non
812 517 978 592 Dionysiae,
1000 518 1051 576 sed
1064 518 1207 577 Nicander
1230 526 1340 579 auctor

187 624 232 679 est
247 617 277 695 ¹).
321 619 383 678 lam
416 620 605 678 conferentur
634 618 720 677 velim
748 618 869 677 Medeae
901 618 1015 676 subulae
1049 639 1136 696 quam
1169 620 1338 698 composuit

133 771 137 791 ‚
186 721 334 798 neophro,
356 721 499 798 reliquiae
533 715 622 794 [rte
640 741 668 798 p.
687 721 745 776 565
761 716 828 797 sq.].
883 719 1034 791 Quomodo
1066 719 1211 778 adciderit
1241 726 1275 779 ut
1303 722 1336 778 in

187 824 306 882 summis
327 823 472 898 angustiis
488 821 593 881 Medea
607 824 736 897 Aegeum
760 821 900 879 auxilium
924 841 957 879 ac
979 822 1125 897 refugium
1148 821 1337 898 pollicentem

118 909 122 942 ³
185 925 338 994 inveniret,
360 942 395 980 ex
407 922 551 1000 Euripide
572 941 694 1001 prorsus
715 941 774 981 non
794 923 985 998 intellegitur,
1008 922 1146 999 Neopbro
1168 923 1254 999 quasi
1272 922 1336 980 nu·

185 1025 289 1102 ripidis
311 1025 526 1102 neglegentiam
557 1027 732 1101 corrigeret,
755 1026 870 1084 cautius
898 1044 944 1082 ree
975 1024 1102 1082 conectit
1126 1017 1230 1098 [schol.
1253 1023 1334 1081 Med.

188 1121 278 1203 666]:
301 1120 446 1204 Νεόφριον
468 1121 499 1185 δὲ
522 1122 563 1196 εἰς
575 1123 730 1203 Κόρινθον
750 1120 800 1183 τὸν
813 1119 913 1202 Αἰγέα
935 1107 1006 1203 φησί
1027 1117 1245 1202 παραγενέσθαι
1263 1120 1338 1200 πρὸς

185 1214 331 1303 Μήδειαν
352 1221 435 1286 ἓνεκα
457 1229 507 1285 τοῦ
536 1226 756 1306 συφηνισθῆναι
778 1222 857 1311 αὐτῷ
878 1223 925 1285 τὸν
949 1221 1081 1304 χρησμὸν
1102 1217 1150 1283 ὑπ’
1171 1219 1263 1300 αὐτῆς
1283 1227 1338 1302 τῆς

185 1313 323 1405 Μηδείας
343 1315 467 1407 γράφων
487 1321 588 1400 οὕτως·

377 1452 426 1523 καλ
447 1443 504 1531 γάρ
525 1455 576 1511 πν’
600 1449 689 1525 αὐτὸς
708 1451 823 1532 ἤλυθον
842 1449 925 1514 λόσιν
944 1453 1056 1530 μαθεῖν

381 1555 446 1612 σοῦ·
470 1549 595 1614 Πυθίαν
616 1551 672 1633 γὰρ
691 1550 782 1614 ὄσσαν
803 1551 840 1634 ἣν
861 1549 961 1634 ἔχρησέ
973 1575 1023 1631 μοι

381 1648 494 1730 Φοίβου
516 1649 679 1733 πρόμαντις,
704 1657 863 1733 συμβαλεῖν
883 1653 1036 1734 ἀμνγγανῶ·

377 1753 421 1814 σοὶ
444 1754 470 1815 δ’
493 1753 533 1828 εἰς
553 1752 655 1836 λογοός
674 1753 774 1832 μολών
794 1754 821 1836 γ’
844 1750 880 1816 ἂν
903 1752 1022 1835 ἤλπιζον
1034 1757 1161 1833 μαθεῖν.
1235 1804 1239 1807 .

186 1883 238 1942 Vel
261 1903 296 1942 ex
319 1884 374 1943 hae
395 1904 427 1942 re
448 1883 700 1944 Wilemowitaium
722 1879 813 1962 [anal.
836 1885 907 1945 Eur.
934 1906 962 1962 p.
982 1879 1054 1963 155]
1082 1887 1242 1944 rectissime
1264 1907 1333 1945 con·
1377 1938 1379 1942 ,

186 1983 313 2043 tendisse
348 1985 472 2064 adparet
504 1985 605 2063 quales
626 1985 812 2064 Neopbronis
844 1987 985 2063 reliquiae
1018 1990 1124 2054 essent,
1155 1987 1228 2046 talia
1263 1992 1332 2046 ante

177 2083 359 2165 ¹Euripidem
383 2088 471 2147 scribi
502 2109 561 2148 non
590 2091 723 2167 potuisse
756 2081 850 2166 neque
885 2090 945 2148 ulla
977 2090 1160 2166 relinquetur
1187 2086 1333 2146 dubitatio

188 2189 279 2266 siquis
304 2191 466 2268 soliloquiis
490 2189 611 2250 Medeae
627 2185 652 2267 2)
674 2191 815 2268 inspeetis
833 2192 1043 2250 examinaverit
1063 2209 1121 2267 qua
1136 2189 1248 2248 astutia
1263 2209 1332 2249 usus

186 2289 236 2347 ille
265 2311 368 2350 verens
395 2291 571 2370 Euripideoe
598 2291 744 2351 inflexerit
776 2293 837 2350 sive
871 2312 946 2368 quae
977 2292 1037 2350 illic
1070 2292 1163 2350 fusius
1195 2290 1333 2349 dicuntur

185 2391 289 2450 leviter
320 2393 474 2468 adtingens
502 2395 563 2452 sive
594 2392 755 2452 brevitates
785 2393 934 2468 eleganter
965 2393 1152 2470 amplificans,
1201 2391 1333 2468 Denique

187 2511 221 2550 ne
243 2494 404 2552 certissima
431 2493 527 2552 desint
553 2493 739 2570 documenta,
762 2495 872 2552 lasonis
904 2493 1058 2553 suicidium
1080 2492 1267 2570 Neopbronis
1288 2494 1332 2551 la·

184 2593 269 2652 balae
298 2596 450 2672 proprium
466 2593 492 2670 3)
527 2596 613 2655 etiam
645 2596 725 2674 apud
755 2594 913 2653 Diodorum
945 2596 1073 2655 occurrit
1102 2595 1140 2668 [ο.
1158 2589 1274 2672 55,1]:
1300 2589 1332 2652 ἐν

186 2689 312 2779 τοσούτῳ
334 2691 366 2755 δὲ
388 2691 513 2771 τὸνμὲν
540 2691 652 2756 Ἰάσονα
685 2689 857 2774 στερηθέντα
886 2689 989 2756 τέκνων
1015 2694 1064 2754 καὶ
1091 2691 1224 2774 γυναικὸς
1250 2691 1332 2766 δόξαι

187 2798 257 2854 πᾶσι
273 2793 371 2854 δίκαια
393 2791 585 2856 πεπονθέναι·
611 2793 654 2856 διό
683 2795 732 2855 καλ
757 2793 803 2874 μὴ
827 2792 988 2872 δυνάμενον
1009 2793 1133 2876 ἐνεγκεῖν
1154 2791 1184 2854 ιὸ
1205 2789 1332 2872 μέγεθος

188 2899 240 2973 τῆς
260 2893 413 2975 συμφορᾶς
433 2891 464 2955 ἐκ
486 2899 536 2954 τοῦ
563 2892 617 2974 ζῆν
642 2892 745 2955 ἑαυτὸν
769 2894 952 2980 μεταστῆσαι.
997 2899 1042 2956 lta,
1070 2899 1164 2973 igitur
1186 2897 1331 2974 quomodo

107 3007 112 3055 .'
184 2998 294 3056 factum
316 2998 354 3056 sit
377 3001 410 3055 ut
434 2998 565 3073 Dionysii
588 2986 757 3057 narratione
781 2999 827 3056 vel
848 3000 912 3076 ipse
933 2999 978 3057 vel
1001 3003 1153 3058 conrectus
1176 2998 1332 3076 Euripides

103 3072 106 3091 ¹
185 3089 311 3176 proponi
335 3098 478 3170 videatur,
501 3099 703 3177 explicandum
727 3105 771 3158 est
797 3104 832 3157 ut
856 3099 937 3176 apud
960 3097 1121 3158 Diodorum
1146 3099 1331 3176 Neopbronis

88 3258 90 3266 A
186 3199 307 3260 Medeae
326 3207 534 3278 argumentum
552 3222 603 3278 'ex
627 3201 769 3279 Dionysio
802 3191 972 3279 ercerptnm
1005 3207 1106 3260 extare
1138 3202 1330 3260 existimetur.

187 3299 322 3360 Ceterum
346 3300 483 3379 Neophro
508 3303 687 3380 simulatque
710 3297 866 3380 Euripides
883 3303 1017 3362 Medeam
1039 3303 1147 3375 docuit,
1171 3301 1250 3360 nullo
1272 3301 1332 3360 sere

184 3402 326 3478 temporis
348 3403 445 3478 spatio
467 3403 634 3462 intermisso
656 3423 736 3462 suam
760 3403 888 3462 tabulam
901 3405 1129 3464 Atheniensibus
1145 3404 1331 3482 proposuisse

184 3502 302 3561 videtur
325 3507 359 3561 ut
381 3523 471 3580 quam
489 3504 596 3563 famam
618 3504 768 3583 Euripidis
794 3503 1009 3565 obtrectatores
1035 3506 1235 3582 disperserant
1258 3504 1329 3564 cele·

201 3753 209 3764 ⁰
288 3748 312 3818 1)
333 3747 371 3802 Cf.
386 3747 521 3805 Antonin.
543 3749 638 3804 Liber.
656 3749 756 3806 XXVI.

283 3836 313 3907 2)
332 3836 372 3892 ef.
391 3837 513 3908 Neophr.
534 3837 568 3892 ir.
587 3841 611 3892 2.
630 3839 697 3892 Eur.
717 3839 790 3894 Med.
813 3842 881 3894 1042
895 3857 935 3909 sq.
959 3841 1026 3894 1049
1042 3858 1081 3909 eq.

285 3929 311 3991 3)
330 3925 421 3982 Schol.
448 3927 519 3982 Med.
543 3929 685 3982 1387....
713 3923 852 4000 Νεόφροιν
879 3929 910 3982 ni
933 3923 1106 3998 ξενικώτερον
1128 3924 1234 4003 ιἰγχόνγ
1261 3933 1329 4002 φησὶ

183 4014 351 4080 τελευτῆσαι·
371 4012 420 4082 τὴν
438 4012 491 4086 γὰρ
510 4011 640 4082 Μήδειαν
658 4011 775 4087 παράγει
795 4015 864 4088 πρὸς
883 4013 967 4072 αὐτὸν
985 4019 1129 4071 εἰποῦσαν·

432 4107 508 4164 τέλος
527 4111 629 4176 φθερεῖ
644 4104 698 4176 γὰρ
717 4102 797 4165 αὐτὸς
815 4109 949 4177 αἰσχίστῳ
967 4100 1046 4178 μόρῳ
1112 4167 1114 4172 ,

431 4191 574 4264 βροχωτὸν
592 4189 716 4266 ἀγχόνην
735 4189 895 4255 ἐπισπάσας
912 4196 993 4269 deep·

414 4325 421 4338 .,
434 4287 492 4335 τοία
511 4297 542 4335 σε
560 4289 645 4354 μοῖρα
666 4285 723 4338 σῶν
742 4283 834 4338 κακῶν
849 4285 938 4354 ἔργων
956 4287 1033 4355 μένει

435 4370 539 4432 δίδαξις
558 4365 647 4432 liltore
663 4378 771 4444 μορίοις
790 4374 941 4446 ἐφημέροις

435 4461 509 4514 θεῶν
528 4456 633 4531 ὕπερθε
646 4455 747 4534 μήποτ’
765 4468 890 4534 αἴρεσθαι
910 4455 1028 4532 βροτούς.
