2958 4786
678 265 712 316 57

107 466 144 522 p.
167 444 218 503 19.
233 434 285 524 22]
306 442 445 502 scholium
467 464 490 517 μ
503 445 541 501 69
565 443 713 501 conferas:
727 487 733 500 .
748 489 753 500 .
767 437 883 500 ,τοίνυν
904 428 956 498 σύν
976 437 1026 499 τὸν
1042 435 1133 500 Φινέα
1149 437 1266 519 θεωρή-

106 564 219 615 σαντες
236 538 264 602 οί
284 542 348 622 περί
369 539 418 601 τὸν
435 539 550 601 Ἰάσονα
572 538 754 619 παρεκάλουν
773 537 943 601 ὑποθέσθαι
966 545 1026 612 πῶς
1039 539 1082 600 δεῖ
1096 539 1267 602 διαπλεῦσαι

104 642 164 715 τὰς
187 641 343 723 Πλαγκτὰς
363 639 519 722 λεγομένας
538 640 654 719 πέτρας·
675 638 690 702 ὃ
713 640 746 703 δέ
767 635 847 702 εἶπεν
867 639 919 702 εἰλν
941 639 988 714 τὰς
1000 637 1152 720 Ἁρπυίας
1172 639 1265 700 ἀπαλ-

104 743 223 817 λάξωσι
254 750 302 825 τῆς
332 744 402 823 πρὸς
423 742 510 805 αὐτὸν
532 739 640 824 ὁρμῆς·
676 740 774 816 θέντες
805 741 836 804 δέ
871 734 1024 822 συνθήκας
1043 739 1265 822 ἐπαγγέλλονται

108 844 200 932 αὐτῷ
222 851 304 906 τοῦτο
319 844 421 924 δρᾶσαι
434 879 476 888 -
488 867 551 906 cum
575 846 792 924 scholioApoll.
816 847 897 906 131.
912 848 950 904 23
974 846 1063 904 verba
1086 865 1161 922 quac
1182 847 1265 904 initio

105 951 271 1027 leguntur:
298 943 424 1019 ἀκούσας
449 945 481 1007 δέ
506 953 595 1008 ταῦτα
613 940 628 1007 ὃ
647 943 748 1006 Ἰάσων
769 942 843 1025 λέγει
866 950 905 1032 τῷ
927 942 1054 1022 Χείρωνι
1078 944 1128 1004 καὶ
1151 942 1229 1030 αύτῷ
1251 941 1266 1004 ύ

108 1046 237 1126 Χείρων
259 1043 449 1124 συνεκπέμπει
470 1046 534 1120 τοὺς
556 1044 749 1127 ήμιθέους-
763 1069 838 1126 quac
861 1049 897 1108 dc
919 1048 1028 1107 Phineo
1045 1049 1179 1125 sequitur
1201 1069 1266 1107 nar-

108 1154 208 1211 ratio:
236 1149 285 1208 καί
308 1144 391 1227 ὁρῶσι
414 1146 461 1208 τὸν
485 1144 577 1210 Φινέα
597 1147 688 1228 πηρὸν
712 1146 759 1207 διὰ
786 1144 890 1226 ταύτην
911 1144 965 1226 τήν
987 1138 1095 1207 αἰτίανἑ
1118 1143 1265 1227 ἔχωνγὰρ

110 1249 226 1322 παῖδας
246 1248 278 1310 έκ
301 1246 492 1327 Κλεοπάτρας
510 1249 562 1328 τῆς
572 1246 685 1328 Βορέου
707 1251 755 1309 καί
775 1246 924 1330 έπτγήμας
937 1247 959 1325 ¹)
985 1247 1129 1328 Εὐρυτίων
1151 1246 1266 1309 δίδωσιν

110 1348 224 1423 αύτούς
244 1373 277 1435 τη
294 1350 419 1435 μητρυιᾷ
446 1347 653 1430 διαβληθέντας
679 1349 750 1429 πρὸς
775 1348 929 1429 ἀναίρεσιν.
953 1347 1029 1422 Ζεύς
1049 1345 1080 1408 δέ
1096 1345 1268 1427 χαλεπήνας

111 1449 193 1534 λέγει
225 1449 303 1538 αύτῷ
332 1442 452 1531 πότερον
482 1449 616 1527 βούλεται
648 1449 810 1512 ἀποθανεῖν
845 1445 864 1530 ἢ
891 1448 996 1530 τυφλὸς
1023 1444 1175 1528 γενέσθαι·
1199 1443 1214 1507 ὁ
1236 1443 1267 1506 δέ

113 1551 241 1632 αἱρεῖται
262 1556 307 1633 μή
328 1549 400 1634 δρᾶν
422 1551 469 1612 τὸν
492 1548 585 1632 ήλιον·
610 1550 812 1632 ἀγανακτήσας
832 1549 863 1613 δέ
886 1546 1021 1623 ὁἭλιος
1035 1547 1189 1629 ιΑρποίας
1207 1548 1266 1610 ἔπι-

114 1651 226 1732 πέμπει
249 1653 328 1741 αύτῷ
351 1653 453 1726 αίττ-νες
472 1649 565 1714 εἴποτε
585 1649 685 1730 μέλλοι
708 1651 819 1714 ἐσθίειν
839 1650 931 1714 adme
957 1648 1132 1731 διέπρασσον
1157 1640 1267 1728 ε’μβιίλ·

112 1759 217 1814 λουσαι
248 1752 368 1835 φθοράν
394 1777 456 1814 τινα
481 1778 516 1815 ex
537 1757 643 1816 fabulis
663 1757 811 1816 Hesiodea
838 1761 867 1814 at
890 1753 1053 1832 Sophoclea
1083 1755 1175 1811 mixta
1204 1772 1267 1810 esee

113 1857 234 1916 videtur
252 1852 303 1935 [cf.
325 1857 415 1918 schol.
439 1858 535 1935 Apoll.
556 1858 589 1916 ΙΙ
611 1853 780 1936 178.181].
803 1857 961 1916 Praeterea
984 1854 1182 1933 componenda
1205 1873 1268 1912 csso

118 1961 286 2036 putaverim
300 1959 399 2019 scholl.
416 1957 454 2016 H
463 1961 523 2018 468
546 1953 656 2036 λέγεται
676 1956 723 2017 τὸν
734 1944 847 2016 Ἰάσονα
869 1953 942 2033 μετὰ
954 1951 1146 2034 τῆςἈργοῦς
1165 1949 1268 2025 ἐξοκεί-

116 2060 208 2117 λαντα
230 2055 263 2144 τῇ
288 2055 422 2143 κρατίστη
444 2063 544 2118 πασῶν
563 2055 712 2140 Ὑψιπύλη
733 2062 856 2137 μιγῆναι
879 2065 909 2118 et
930 2057 1020 2118 schol.
1043 2056 1141 2133 Apoll.
1163 2057 1266 2126 1769,

118 2161 210 2220 schol.
233 2183 256 2236 μ
283 2164 341 2220 124
363 2169 392 2220 et
414 2162 504 2221 schol.
527 2162 622 2239 Apoll.
645 2162 712 2219 IIII
729 2163 798 2220 828.
841 2160 920 2219 Haec
942 2166 1041 2218 tamen
1062 2163 1097 2216 ut
1118 2157 1195 2216 clare
1217 2177 1265 2214 cx·

116 2261 274 2338 pliceutur‚
304 2262 391 2338 longa
413 2264 449 2321 de
476 2263 652 2321 scholiorum
679 2263 897 2322 Homerioorum
920 2261 1098 2320 auctoritate
1132 2265 1162 2316 et
1183 2278 1267 2335 prac-

119 2363 205 2437 cipuc
236 2349 272 2419 de
304 2349 490 2422 historiarum
521 2364 636 2424 illarum
666 2363 929 2441 subscriptionibus
958 2361 1161 2440 disputatione
1192 2378 1266 2437 opus

118 2466 166 2520 est
187 2483 262 2539 quae
284 2483 378 2540 nequa
401 2465 469 2523 huic
490 2466 588 2524 libcllo
610 2472 682 2543 apta
704 2469 777 2523 erat·
790 2485 884 2541 neque
906 2465 1022 2523 institui
1035 2463 1151 2522 omnino
1167 2466 1267 2538 potest

118 2564 289 2640 priusquam
312 2565 481 2625 adcuratior
502 2567 607 2626 codicis
630 2567 809 2626 Townleiani
831 2568 936 2624 notitia
957 2565 1111 2643 proposita
1132 2566 1180 2622 sit.

199 2665 375 2748 Dionysium
399 2667 673 2750 Seytobraehionern
699 2668 871 2744 aDionysio
895 2665 1094 2743 cyclographo
1117 2656 1164 2746 [cf.
1189 2662 1267 2721 FHG
1323 2715 1357 2743 „f
1400 2671 1408 2682 ⁴

121 2767 154 2824 H
176 2787 206 2843 p.
223 2769 240 2824 9
257 2760 313 2847 aql
337 2767 559 2826 discernendum
589 2789 650 2827 esse
679 2772 728 2845 qui
753 2774 783 2826 et
812 2751 924 2846 primus
952 2772 981 2824 et
1003 2785 1078 2824 uuus
1105 2765 1141 2823 de
1162 2765 1215 2821 hac
1236 2783 1267 2820 re

122 2868 207 2927 docte
230 2873 259 2926 et
280 2852 566 2947 multisff—”putamt
588 2869 758 2928 Welclrerus
781 2860 838 2949 [cp.
860 2867 940 2945 Cyol.
963 2869 1022 2945 Ip.
1040 2857 1091 2947 78]
1105 2863 1129 2939 2)
1152 2867 1265 2924 statuit.

224 3175 250 3246 l)
268 3175 366 3231 Nescio
386 3194 451 3229 num
470 3177 574 3230 adferri
593 3176 676 3229 liceat
693 3175 778 3229 schol.
799 3174 882 3243 Soph.
901 3175 967 3228 Ant.
986 3173 1039 3226 980
1058 3169 1125 3224 κατὰ
1145 3172 1179 3225 δέ
1194 3190 1267 3230 τινας

128 3263 266 3318 Ελδοθέαν
293 3262 342 3331 τὴν
360 3259 478 3336 Κιίδμοο
507 3261 632 3336 ἀδελφὴν
660 3249 691 3330 ’ἧς
718 3267 763 3316 καὶ
788 3260 868 3321 αὐτὸς
886 3263 1034 3334 Σοφοκλῆς
1052 3255 1218 3333 μνημονεύει
1238 3263 1268 3316 έν

126 3358 330 3421 Τυμπανισταῖς
348 3355 381 3408 cl.
402 3356 503 3406 Aulon.
522 3353 582 3408 Lib.
596 3353 675 3406 XXX
686 3355 827 3406 Ελδοθέαν
844 3350 894 3419 τήν
913 3347 1034 3422 Εύρύτου
1053 3357 1198 3422 θυγατέρα.
1221 3352 1266 3405 Ge·

128 3446 214 3494 terum
232 3443 261 3494 in
282 3442 387 3496 acholio
400 3442 547 3501 Homerico
566 3441 672 3511 aliquid
692 3443 786 3496 deesse
799 3445 1014 3496 consentaneum
1033 3444 1075 3495 eet
1094 3439 1160 3510 quia
1170 3439 1267 3493 Phinei

127 3529 241 3582 caecitas
259 3532 502 3598 praetermittitur.

221 3617 250 3687 2)
269 3617 355 3685 Quam
375 3619 584 3688 Hachtmannus
614 3620 666 3673 eibi
694 3619 774 3672 linxit
802 3621 961 3687 opinionem
980 3619 1040 3672 fuse
1058 3617 1174 3671 Sieroka
1194 3617 1223 3687 [l.
1244 3636 1267 3672 c.

128 3705 239 3774 p.9sq.]
259 3706 413 3775 redarguit.
451 3706 503 3774 Qui
530 3712 674 3777 praeterea
702 3709 755 3761 hoc
783 3707 903 3776 profecit
922 3713 953 3760 ut
980 3708 1010 3760 in
1029 3709 1131 3775 quarto
1150 3705 1268 3759 Diodori

128 3793 193 3845 libro
217 3797 328 3860 praetor
347 3781 540 3862 Argonautica
568 3796 673 3849 nullum
694 3796 817 3864 Dionysii
845 3796 994 3866 vestigium
1020 3800 1117 3848 extare
1135 3795 1268 3863 probaret

130 3880 163 3950 [p.
182 3882 215 3934 25
233 3881 294 3951 eq.].
314 3882 462 3936 Muellerus
488 3889 580 3938 autem
603 3883 687 3953 [FHG
707 3885 733 3938 Il
751 3902 778 3953 p.
796 3886 840 3953 10]
867 3901 921 3954 quo
941 3885 1000 3938 iure
1020 3885 1136 3938 Tzatzae
1156 3883 1185 3936 in
1204 3882 1268 3938 alle·

131 3970 215 4039 gpriae
242 3971 403 4026 Homericae
432 3974 599 4028 scholiorum
629 3975 690 4029 loeo
719 3994 783 4029 usus
812 3977 865 4030 sit:
892 3978 1018 4046 ληροῦσιν
1043 3977 1070 4026 οἳ
1093 3973 1173 4026 εἶπον
1191 3968 1265 4025 duri

128 4056 270 4119 Ὀδυσσέως
290 4063 453 4132 Τηλέμαχος
480 4057 591 4131 ὕστερον
616 4057 779 4134 ἧνὍμηρος
805 4062 841 4123 ὠς
859 4064 942 4130 δῆλον
960 4065 990 4116 ἐκ
1008 4064 1056 4116 τοῦ
1072 4056 1176 4132 χρόνον
1195 4066 1267 4130 Προ-

132 4150 240 4202 ναπίδου
257 4150 303 4203 τοῦ
314 4145 437 4220 Ὁμήρου
451 4147 619 4204 διδασκάλου
632 4148 661 4212 ὃς
678 4145 711 4219 ήν
726 4158 812 4222 τρίτος
831 4148 887 4205 ἀπὸ
902 4146 1027 4221 Κάδμον,
1041 4145 1161 4221 Ὅμηρος
1180 4149 1211 4202 δὲ
1226 4152 1267 4202 τέ-

132 4257 223 4307 ταρτος.
232 4235 264 4294 ‘0
274 4232 395 4309 Θάμυρις
407 4240 438 4292 δέ
452 4235 534 4295 πάλιν
547 4239 663 4301 παλαιὸς
681 4234 714 4308 ἦν
727 4235 873 4311 λσογρόνος
886 4233 1004 4310 Κιίδμοο
1017 4233 1268 4309 πύπποςὈρηιέως.

103 4322 231 4414 ,ΙΌρφεὺς
249 4328 280 4380 δέ
302 4333 456 4394 Μενίππης
476 4321 509 4396 ἦν
529 4328 585 4390 υίὸς
607 4333 653 4398 τῆς
673 4325 829 4402 Θαμύριδος
855 4325 992 4399 θυγατρὸς
1015 4321 1068 4381 κᾶν
1086 4323 1268 4396 ἀλληγορικῶς

16 4446 24 4460 .-
52 4452 64 4467 ..
101 4412 105 4436 ”
132 4415 171 4480 τῆς
187 4409 342 4482 Καλλιόπης
372 4415 428 4476 υίὸς
449 4420 552 4486 λέγεται
584 4423 616 4472 ut
636 4418 781 4489 Dionysios
799 4416 999 4485 Mytilenaeum
1028 4421 1057 4472 et
1083 4415 1206 4470 Samium
1227 4414 1267 4469 di-

133 4503 278 4574 stingueret
308 4522 362 4560 non
392 4506 533 4581 intellego.
570 4507 755 4579 Pronapidam
787 4506 871 4562 tertio
898 4511 963 4580 port
998 4505 1130 4560 Cadmum
1166 4521 1267 4578 genere

157 4595 182 4643 la·
208 4633 211 4640 ,
