2958 4786
764 251 800 306 20

213 433 308 494 aliena
329 453 392 492 esse
403 429 543 490 Lehrsius
554 430 715 503 contendit,
736 435 814 488 recte
829 428 937 488 adferri
961 449 1044 506 nego.
1067 429 1145 502 Quos
1167 451 1196 508 p.
1208 432 1246 489 79
1270 429 1375 489 altero

214 535 279 594 loco
300 533 495 593 bibliothecae
517 537 547 590 et
568 532 703 591 carminis
724 531 802 590 locos
822 530 967 590 Robertus
980 531 1138 606 coniunxit,
1162 552 1211 591 eos
1233 533 1377 609 separari

215 655 338 715 prorsus
360 653 416 692 non
439 651 525 710 posse
537 651 595 690 non
615 633 710 690 minus
733 632 816 692 facile
838 633 1013 708 quicumque
1034 633 1100 692 illos
1114 633 1197 710 legit,
1217 633 1375 707 intellegit

213 757 302 814 quarn
323 755 397 812 quae
417 736 446 792 in
461 732 638 792 bibliotheca
652 720 717 814 [la
730 733 779 806 26,
794 722 823 812 2]
848 733 883 790 de
898 731 1019 791 Medeae
1041 733 1154 792 ancillis
1174 734 1256 793 viros
1277 733 1375 792 cavil-

212 836 344 896 lantibus
365 838 532 906 narrantur,
555 833 592 893 ab
615 834 770 910 Apollonio
794 823 863 914 [llll
888 833 965 894 1719
989 825 1044 914 sq]
1074 835 1213 912 pendere.
1254 834 1374 906 Quodsi

215 935 425 1014 Polyphemum
449 955 506 993 non
519 934 605 993 modo
620 954 656 992 ne
674 953 691 992 a
712 933 877 994 latronibus
899 935 1047 994 sedetiam
1062 955 1097 994 ne
1115 957 1133 994 a
1156 934 1259 994 bestiis
1271 934 1374 1010 Hylae

213 1037 344 1116 pericula
355 1036 552 1106 adferrentur,
562 1037 695 1094 timuisse
715 1034 762 1092 vel
780 1035 899 1094 ancillas
915 1039 1038 1113 propter·
1058 1036 1212 1112 epularum
1233 1037 1373 1113 inopiam

214 1140 285 1199 viris
307 1137 442 1197 inlusisse
463 1137 563 1196 omisit
590 1135 798 1213 Apollodorus,
835 1135 906 1213 quid
936 1135 1054 1195 tandem
1086 1128 1373 1212 obstat'quominus

213 1240 269 1299 hoc
293 1237 340 1299 vel
368 1238 524 1298 brevitatis
561 1257 649 1296 causa
680 1235 726 1296 sel
761 1242 885 1314 propter
917 1237 1131 1314 neglegentiam
1164 1237 1275 1296 factum
1304 1255 1373 1294 esse

214 1338 384 1400 statuatur?
407 1341 508 1417 Neque
530 1339 602 1398 adeo
619 1339 704 1397 claris
726 1337 823 1398 verbis
840 1339 1013 1416 Apollonius
1029 1340 1165 1415 exposuit
1186 1357 1264 1414 quae
1284 1343 1372 1415 post·

214 1463 303 1522 quam
325 1441 420 1518 Hylae
448 1419 560 1516 aliquid
592 1439 733 1498 adoidisse
761 1438 914 1498 Herculem
943 1441 1097 1499 certiorem
1124 1439 1203 1513 fecit,
1239 1439 1372 1512 gesserit

214 1542 421 1620 Polyphemus,
443 1545 478 1599 ut
500 1539 680 1618 Apollodoro
702 1539 784 1597 illum
807 1545 907 1598 secuto
922 1539 1077 1599 Herculem
1099 1545 1130 1598 et
1151 1538 1370 1617 Polyphemum

213 1663 338 1723 puerum
350 1642 528 1718 quaesivisse
539 1661 598 1700 non
620 1641 737 1699 licuerit
747 1661 876 1700 narrare.
901 1641 981 1714 erae
995 1660 1064 1700 vero
1077 1641 1113 1699 de
1125 1640 1203 1716 Hyla
1221 1645 1369 1718 aquatum

214 1746 302 1804 misso
321 1742 411 1802 habet
422 1742 628 1819 Apollodorus,
651 1762 685 1800 ea
707 1762 743 1800 ex
763 1742 919 1818 Apollonio
939 1740 1070 1802 breviter
1091 1746 1243 1801 contracta
1267 1763 1371 1820 sump-

215 1847 286 1905 sisse
307 1843 490 1922 probabilius
512 1848 637 1920 putatur
656 1862 719 1900 mea
735 1842 852 1919 quidem
869 1843 1016 1902 sententia
1027 1863 1121 1920 quam*
1137 1843 1174 1902 ab
1188 1844 1245 1902 alio
1268 1844 1370 1903 nescio

214 1966 273 2024 quo
295 1951 424 2004 auctore.
464 1944 600 2020 ‘lienique
627 1963 663 2001 ex
693 1942 750 2002 illis
783 1963 859 2019 quae
888 1964 954 2003 cum
978 1945 1127 2022 Apollonii
1153 1946 1241 2004 etiam
1267 1943 1369 2004 verbis

214 2049 364 2106 concinere
386 2044 533 2104 Robertus
563 2037 607 2122 [p.
633 2033 682 2124 79]
710 2050 740 2102 et
762 2063 817 2122 ego
841 2035 881 2126 [p.
911 2047 946 2105 14
970 2067 999 2105 ιι.
1021 2035 1051 2126 2]
1073 2045 1270 2125 probavimus,
1302 2045 1368 2122 ple·

214 2167 338 2224 rumque
360 2166 393 2205 ea
409 2165 471 2204 esse
486 2145 740 2204 animadvertatur
755 2166 831 2223 quae
855 2166 872 2204 a
894 2149 989 2224 poetis
1012 2149 1176 2206 narrationi
1189 2151 1224 2206 ut
1239 2146 1368 2205 vividior

214 2249 277 2322 fiat,
299 2247 438 2324 adspergi
454 2246 566 2304 soleant
588 2265 683 2322 neque
704 2267 740 2303 ex
763 2247 1103 2320 vetustioribussfabulis
1126 2248 1281 2323 desumpta
1302 2265 1368 2304 esse

214 2349 377 2408 videantur.
415 2347 485 2418 Quis
527 2366 594 2405 vero
631 2352 719 2424 putet
753 2319 963 2425 Apollodorum
997 2347 1204 2428 philosophum
1234 2348 1366 2407 Stoicum

190 2515 194 2528 Ι
214 2449 378 2508 Aristarchi
404 2447 579 2524 discipulum
602 2451 825 2522 grammaticum
850 2451 1048 2510 doctissimum
1067 2456 1103 2508 ut
1124 2447 1366 2527 Argonautarum

215 2550 329 2612 fabulas
352 2555 519 2627 exponeret,
541 2569 657 2608 carmen
680 2571 697 2609 a
718 2552 1017 2628 poetaAlexandrino
1044 2557 1113 2610 ante
1133 2558 1250 2611 centum
1273 2569 1366 2610 annos

214 2652 407 2728 compositum
428 2652 459 2708 in
480 2670 640 2710 sermonem
660 2652 826 2730 pedestrem
841 2656 964 2714 vertisse
978 2655 1080 2732 paucis
1094 2653 1179 2712 docte
1194 2650 1366 2711 adnotatis?

214 2756 313 2832 Atque
334 2755 407 2814 adeo
440 2756 566 2833 primurn
598 2756 693 2813 locum
722 2775 774 2833 per
801 2762 894 2814 totam
922 2755 998 2815 hanc
1030 2749 1150 2832 partem
1169 2753 1367 2830 Apolloniana

214 2857 331 2916 obtinet
357 2858 487 2914 narratio
515 2862 549 2915 ut
571 2856 625 2914 hoc
652 2856 873 2914 fundamentum
897 2857 1084 2933 epitomatori
1105 2855 1205 2914 deberi
1227 2855 1365 2914 contendi

214 2977 272 3015 non
294 2957 390 3015 liceat.
423 2956 505 3015 Vnde
527 2956 645 3016 tandem
669 2955 720 3014 illa
741 2956 891 3015 doctrinae
910 2957 1038 3014 frustula
1059 2955 1221 3015 narrationi
1243 2955 1364 3033 Apollo·

213 3060 318 3116 nianae
338 3057 518 3134 interpolata
539 3062 630 3135 atque
650 3060 692 3116 ita
713 3057 831 3135 quidem
853 3077 940 3134 saepe
961 3056 1141 3134 interpolata
1162 3061 1197 3115 ut
1220 3059 1366 3133 cumipse

213 3158 382 3218 narratione
411 3177 531 3235 prorsus
556 3178 614 3217 nou
635 3157 832 3218 cohaereant?
862 3158 1005 3216 Videatur
1024 3177 1093 3215 num
1116 3161 1185 3235 apte
1206 3159 1237 3214 in
1259 3156 1365 3217 Phinei

216 3258 317 3317 fabula
347 3258 545 3335 compluribus
574 3259 778 3337 discrepantiis
802 3261 981 3318 enumeratis
1003 3263 1146 3336 pergatur
1177 3247 1202 3338 [Ι
1225 3261 1254 3332 9,
1269 3261 1319 3330 21,
1333 3247 1363 3338 3]

214 3351 354 3434 ἔπεμψαν
376 3355 407 3417 δὲ
429 3353 508 3443 αὐτῷ
528 3357 588 3416 καὶ
601 3355 651 3430 τὰς
668 3353 811 3437 Ἁρπυίας
831 3354 858 3417 oi
872 3355 948 3432 θεοί,
971 3361 1017 3419 vel
1039 3379 1096 3418 non
1118 3360 1147 3416 in
1170 3360 1363 3418 enarrationis

213 3461 298 3518 initio
321 3461 372 3520 sed
393 3461 443 3520 illo
465 3460 580 3519 demum
603 3461 666 3521 loco
692 3481 751 3538 quo
777 3463 813 3520 de
837 3461 911 3536 Hyla
934 3464 1043 3541 agitur,
1066 3460 1221 3519 Herculem
1243 3460 1362 3538 expedi-

213 3562 288 3619 tioni
310 3563 427 3620 omnino
451 3581 508 3620 ιιοιι
530 3563 699 3620 interfuisse
721 3562 874 3621 Herodoro
892 3567 1012 3622 auctore
1034 3561 1182 3621 tradatur.
1229 3561 1311 3620 Vnde
1333 3563 1363 3619 in

214 3660 331 3720 fabulae
353 3664 437 3721 initio
458 3662 618 3722 frustulum
641 3663 866 3741 Apollonianum
889 3664 1082 3740 Pherecydeis
1106 3665 1258 3734 insertum,
1285 3663 1363 3720 unde

214 3761 310 3822 tribus
343 3763 400 3822 illis
431 3763 502 3824 locis
522 3764 672 3842 Apollonii
701 3765 818 3824 fabulae
847 3768 924 3825 inter
949 3765 1161 3844 discrepantias
1189 3765 1289 3842 inepte
1304 3782 1362 3822 ›re-

215 3862 339 3922 censae?
372 3865 483 3924 Deinde
514 3867 609 3942 qualis
636 3866 704 3925 libri
727 3869 884 3945 epitomam
911 3867 1116 3927 bibliothecam
1139 3886 1202 3925 esse
1224 3865 1362 3925 Lehrsius

214 3963 323 4022 finxit?
361 3964 436 4025 Sane
468 3967 679 4027 Eratosthenes
707 3969 975 4028 catasterismorum
1001 3969 1077 4028 libro
1106 3969 1201 4027 varias
1233 3973 1361 4026 veterum

216 4064 331 4124 fabulas
354 4067 441 4124 aliter
459 4067 497 4126 ab
520 4069 585 4127 aliis
607 4075 744 4128 narratas
759 4069 845 4127 docte
867 4070 1045 4146 composuit‚⁴
1061 4069 1112 4128 sed
1131 4071 1155 4127 is
1182 4070 1291 4145 quippe
1312 4070 1362 4144 qui

216 4165 382 4242 philologus
398 4175 474 4226 esset
488 4170 610 4244 ipseque
630 4169 759 4243 carmina
779 4171 899 4238 faceret,
922 4171 951 4226 in
973 4169 1044 4244 ipsis
1059 4168 1169 4227 fabulis
1185 4169 1361 4244 conligendis

215 4264 432 4341 adquiescebat,
446 4267 656 4343 Apollodorum
680 4270 716 4326 iis
740 4288 815 4345 quae
830 4269 933 4327 Graeci
949 4269 985 4326 de
1008 4269 1064 4328 diis
1086 4269 1249 4345 antiquitus
1271 4270 1361 4328 tradi·

213 4363 330 4437 derunt,
352 4384 473 4444 prorsus
495 4368 626 4426 diversas
649 4367 765 4428 Stoicae
798 4369 1002 4447 philosophiae
1035 4372 1165 4429 rationes
1196 4369 1362 4430 adhibuisse
1395 4391 1399 4404 ·

214 4469 326 4523 certum
345 4471 400 4525 est.
444 4466 577 4544 Denique
596 4467 677 4526 aliud
697 4471 722 4527 is
744 4471 805 4546 egit
837 4470 888 4545 qui
922 4475 957 4528 ut
985 4490 1074 4530 unum
1101 4473 1232 4547 artisque
1254 4469 1361 4530 finibus
