2958 4786
763 236 798 292 30

162 405 164 408 ⁵
206 428 298 482 soeret
333 411 565 502 [0101001001.
592 440 615 478 c.
639 439 662 480 c.
687 419 736 476 43.
760 399 820 498 44].
875 415 932 476 Sed
964 417 1035 478 haec
1068 417 1217 480 hactenus.
1261 419 1376 493 Quam
1467 458 1468 524 p

206 541 329 600 poenam
352 527 378 579 a
392 521 487 580 Borea
509 519 619 579 Phineo
639 519 778 577 inflictam
793 518 1037 595 Pseudoorpheus
1059 519 1176 596 adiecit,
1198 522 1376 598 utDiony·
1467 533 1468 578 Ὺ

205 625 264 684 sius
282 624 439 682 memoriae
461 620 618 680 tradidisse
642 621 768 687 videtur,
793 620 837 677 ita
859 621 956 677 nescio
984 639 1021 676 an
1040 619 1198 697 adtingant
1220 642 1296 698 qnae
1321 643 1376 682 ex

206 723 336 786 Hesiodo
357 722 495 800 Ephorus
523 721 602 798 apud
624 719 798 780 Strabonem
826 719 969 784 adtulisse
998 721 1107 779 dicitur
1130 711 1196 802 [Vll
1216 742 1247 800 p.
1265 713 1369 805 302]:

203 819 341 883 ‘Holodor
362 820 388 882 δ’
410 818 443 882 ἓν
464 824 498 904 τῇ
518 815 682 904 καλουμένῃ
706 819 763 904 Γῆς
794 809 919 903 περιόδῳ
944 817 992 878 τὸν
1016 815 1107 881 Φινέα
1129 817 1188 880 tut
1210 827 1267 882 τῶν
1285 818 1371 904 Ἀρ·
1468 844 1469 930 p

206 915 300 984 0100ον
322 920 448 1002 ἄγεσθαι
642 920 646 930 ’
1171 947 1175 956 ·

355 1019 572 1104 Γλακτοφάγων
590 1021 630 1096 εἰς
650 1026 738 1102 γαῖαν
759 1019 888 1102 ἀπήναις
908 1020 974 1083 οἰκί’
997 1019 1120 1102 &trun
1133 1019 1166 1104 ¹).

207 1125 340 1204 Denique
362 1127 498 1204 quoniam
521 1125 577 1185 hoc
596 1147 654 1185 uno
674 1127 737 1186 loco
750 1125 889 1203 Dionysio
903 1125 1054 1204 Sophoclis
1070 1117 1239 1186 memoriam
1254 1126 1369 1186 deberi

208 1233 289 1288 certo
311 1228 496 1306 exploratum
525 1233 579 1300 001,
612 1231 716 1288 0010010
741 1247 857 1305 quoque
889 1248 965 1304 quae
987 1228 1043 1287 huc
1064 1227 1214 1306 pertinent
1235 1227 1368 1288 scholiis

207 1330 376 1406 Dionysium
411 1349 447 1388 ex
469 1328 621 1407 Sophoclis
651 1331 819 1388 testimonio
851 1329 951 1390 adlato
978 1329 1116 1405 adgnosci
1140 1329 1219 1388 haud
1243 1335 1368 1389 temere

206 1429 399 1502 concluditur,
422 1432 596 1508 praesertim
621 1451 685 1490 cum
708 1431 859 1508 Sophoclis
888 1430 1005 1490 fabulae
1027 1431 1095 1490 inde
1116 1451 1133 1488 a
1155 1430 1249 1508 primo
1272 1450 1298 1490 a.
1325 1429 1365 1490 G.

206 1551 233 1590 n.
253 1529 370 1590 saeculo
402 1533 494 1608 magis
526 1533 678 1608 magisque
703 1529 849 1616 oblivione
879 1531 1002 1590 obrutae
1034 1533 1190 1606 rarissime¹
1213 1530 1367 1589 historiae

206 1633 339 1709 poeticae
359 1630 570 1690 adhiberentur
583 1629 619 1707 2).
1021 1638 1026 1647 ’

305 1732 429 1792 Constat
445 1733 537 1810 igitur
551 1733 666 1793 fabulas
678 1733 893 1810 Argonauticas
916 1733 1000 1793 docte
1021 1739 1051 1793 et
1072 1734 1188 1810 copiose
1211 1753 1365 1794 commen·
1470 1729 1471 1742 ¹

206 1836 350 1894 menterio
373 1834 500 1912 quodam
532 1840 675 1894 tractatas
706 1854 769 1893 esse
792 1835 939 1911 Apollonii
960 1833 1067 1893 Rhodii
1088 1836 1362 1910 Argonauticorum

207 1937 278 1996 setis
301 1936 510 2036 celebrilquem
523 1935 658 2012 Orpheus
680 1935 1070 2031 personatussbiblicthecae
1092 1935 1364 2019 auctophpollonii

207 2035 375 2106 scholiasta,
397 2036 497 2113 aliquo
521 2037 606 2096 modo
629 2035 764 2112 Hyginus
787 2037 1017 2113 compilaveriut.
1062 2036 1172 2115 Nequis
1187 2041 1283 2094 tomen
1300 2034 1364 2095 hoc

207 2135 384 2196 scholiorum
419 2137 684 2215 Apollonianorum·
712 2157 818 2216 corpus
852 2137 1046 2216 scriptoribus
1076 2137 1134 2196 illis
1162 2139 1190 2194 in
1221 2135 1364 2206 manibus
1471 2125 1472 2188 ἒ

206 2237 296 2296 fuisse
329 2238 485 2296 existimet.
529 2239 631 2316 Neque
664 2241 739 2298 enini
773 2259 806 2298 eo
837 2244 969 2316 tempore
999 2239 1182 2314 grammatici
1212 2237 1362 2296 eiusmodi

207 2338 342 2414 trilogias
369 2338 456 2415 quale
484 2339 660 2400 scholiorum
693 2342 802 2400 codicis
824 2341 1015 2400 Laurentisni
1045 2339 1266 2399 fundamentum
1299 2343 1362 2406 est,

207 2457 379 2516 componere
400 2439 479 2498 soliti
501 2460 564 2498 esse
586 2441 724 2500 videntur
745 2447 776 2500 et
797 2441 898 2502 obstat
917 2441 1062 2519 Stephani
1072 2441 1206 2518 Byzantii
1228 2441 1361 2499 auctori-

207 2546 255 2599 tas
270 2540 338 2599 solis
349 2538 501 2618 Sophoclis
515 2544 730 2602 commentariIs
751 2545 796 2602 usi
812 2539 847 2617 ⁸).
876 2543 1008 2620 Dionysii
1029 2562 1097 2602 vero
1119 2544 1220 2620 coplae
1233 2541 1310 2599 unde
1323 2542 1360 2598 in
1472 2541 1473 2580 Τ

207 2638 318 2700 scholia
343 2644 542 2718 pervenerint,
565 2661 630 2702 cum
652 2643 778 2703 eschol.
806 2644 917 2703 11030
938 2638 1113 2722 μνημονεύει
1134 2639 1275 2721 Ληίλοχος
1299 2637 1361 2699 τῶν

207 2727 424 2820 ἄναιρεθὲντων
439 2735 478 2815 ὥς
498 2761 565 2822 φησι
577 2741 731 2830 {operiris
748 2777 782 2785 -
797 2743 929 2806 Deilochi
944 2747 1117 2806 testimoniis
1131 2742 1359 2821 Scytobrachio·

207 2863 273 2902 nem
296 2864 381 2903 usum
411 2863 474 2903 esse
507 2823 649 2904 concentu
681 2847 770 2906 schol.
789 2846 886 2925 Apoll.
910 2849 923 2906 1
948 2849 1006 2905 139
1029 2852 1060 2905 01
1080 2845 1164 2905 Pind.
1188 2843 1275 2920 Pyth.
1297 2843 1360 2902 IIII

208 2945 267 3004 331
283 2963 374 3021 supra
387 2935 428 3026 [p.
443 2935 482 3027 2.]
499 2945 623 3024 probavi
640 2977 677 2987 -
691 2947 836 3025 adpareat
848 2967 942 3024 neque
953 2967 1000 3007 res
1013 2947 1161 3007 fabularer
1176 2967 1194 3004 a
1210 2945 1358 3023 Sophocle

210 3046 359 3122 neglectas
381 3065 445 3107 esse
474 3046 565 3106 schol.
589 3048 602 3105 I
626 3049 685 3106 332
715 3048 766 3108 ubi
796 3069 859 3108 eum
889 3049 982 3107 latere
1004 3048 1105 3127 Steph.
1129 3047 1198 3125 Byr.
1226 3050 1297 3124 ρ.4,
1314 3049 1356 3104 16

209 3146 303 3222 docet,
327 3149 461 3226 exemplo
483 3149 532 3222 sit,
551 3148 722 3227 Sophoclem
746 3150 782 3208 de
805 3149 911 3227 quibus
932 3151 1018 3208 modo
1040 3151 1186 3228 disputavi
1208 3168 1357 3207 commen-

127 3248 149 3272 “’
207 3251 298 3308 tarios
320 3249 517 3326 composuisse
539 3233 725 3308 0100110100οο
748 3252 878 3310 conicere
899 3251 971 3309 mihi
992 3251 1102 3310 videor.
1243 3315 1246 3324 p

304 3349 357 3407 Vel
386 3348 453 3409 inde
483 3371 558 3428 quae
585 3350 696 3410 scholia
718 3351 891 3411 Theocritea
920 3356 951 3411 01
973 3352 1169 3430 Apolloniensi
1198 3352 1357 3410 concinunt

207 3449 286 3508 haud
309 3469 403 3527 pauca
416 3448 452 3522 ⁴),
474 3471 531 3512 non
555 3451 592 3512 ad
605 3452 751 3512 'Iheonem
773 3459 803 3512 et
821 3451 969 3514 Theocriti
992 3459 1022 3514 et
1036 3451 1187 3530 Apollonii
1207 3454 1354 3529 interpre-

207 3598 406 3608 ——.-.

308 3666 335 3736 1)
357 3665 432 3733 Quae
451 3665 486 3720 de
504 3666 557 3721 hoc
575 3667 657 3721 titulo
681 3664 745 3733 Τῆς
764 3664 903 3736 nsplodoc’
926 3666 978 3721 viri
998 3666 1074 3721 docti
1093 3664 1141 3736 [cf.
1153 3665 1353 3722 Markscheffel.

206 3773 233 3826 p.
246 3757 305 3808 197.
315 3754 467 3824 Goettling.
482 3773 508 3825 p.
522 3755 582 3826 Lu]
594 3755 760 3815 iudicavere.
779 3755 873 3808 omnia
891 3754 1004 3808 minima
1021 3755 1139 3824 placent.
1160 3754 1222 3808 Mea
1241 3754 1354 3823 quidem

208 3845 348 3898 sententia
366 3860 431 3912 pars
450 3842 575 3914 Catalogi
594 3845 636 3900 vel
658 3844 796 3898 Socerum
824 3843 918 3898 multis
944 3845 1026 3898 terris
1044 3843 1227 3913 gentibusque
1245 3861 1355 3899 enume-

208 3931 277 3986 ratis
297 3932 414 4001 insignis
434 3932 487 3998 Γῆς
507 3934 634 4003 περίοδος
654 3933 800 3988 dicebatur
821 3938 850 3986 ut
869 3933 897 3987 in
916 3933 1070 3988 Homericis
1089 3933 1257 3987 carminibus
1275 3930 1353 3988 acroi·

207 4021 288 4090 loyor
307 4021 377 4074 νεῶν
397 4021 472 4075 talia.

306 4109 334 4179 2)
354 4109 462 4165 Scholia
481 4115 545 4164 sunt
563 4110 576 4163 I
595 4111 656 4164 769.
675 4109 703 4163 ll
723 4111 781 4163 178.
806 4108 847 4163 Ill
866 4109 926 4164 242.
955 4109 1089 4165 1111223.
1116 4109 1158 4163 III
1180 4112 1256 4164 1040.
1275 4113 1352 4167 1372.

205 4199 341 4254 1111284.
685 4225 687 4228 -
795 4189 800 4250 J
874 4223 876 4228 ·

308 4289 336 4358 3)
356 4285 396 4341 Cf.
414 4289 478 4356 pt,
490 4289 531 4341 16.
550 4288 575 4356 9,
589 4290 613 4342 6.
634 4289 695 4356 202,
711 4290 750 4341 14.
769 4289 830 4356 353,
844 4289 867 4341 0.
898 4301 899 4304 ’
1123 4313 1127 4318 ·

307 4377 335 4444 4)
355 4375 396 4429 01.
422 4375 517 4431 0010011.
537 4375 677 4431 Theocrit.
696 4375 796 4430 11113.
816 4378 859 4430 43.
879 4379 923 4430 49.
942 4375 995 4432 VH
1009 4378 1050 4430 77.
1069 4377 1134 4430 XIII
1156 4379 1178 4433 l.
1192 4381 1217 4432 7.
1236 4379 1270 4432 48
1289 4397 1351 4433 cum

206 4461 301 4516 scholi.
323 4464 572 4533 Αρο)1.11477.1
593 4464 788 4518 121111157.
810 4465 835 4518 11
857 4466 934 4518 1248.
953 4464 994 4517 III
1012 4467 1054 4518 26.
1074 4466 1086 4517 I
1112 4468 1186 4521 1207.
1208 4469 1283 4521 1230.
