<?xml version="1.0" encoding="UTF-8"?>
<!DOCTYPE html PUBLIC "-//W3C//DTD XHTML 1.0 Transitional//EN"
    "http://www.w3.org/TR/xhtml1/DTD/xhtml1-transitional.dtd">
<html xmlns="http://www.w3.org/1999/xhtml" xml:lang="en" lang="en">
 <head>
  <title>
</title>
<meta http-equiv="Content-Type" content="text/html;charset=utf-8" />
  <meta name='ocr-system' content='tesseract 3.04.00' />
  <meta name='ocr-capabilities' content='ocr_page ocr_carea ocr_par ocr_line ocrx_word'/>
</head>
<body>
  <div class='ocr_page' id='page_1' title='image "./dedionysioscyto00schwgoog_0008.png"; bbox 0 0 2958 4786; ppageno 0'>
   <div class='ocr_carea' id='block_1_1' title="bbox 695 1357 710 1420">
    <p class='ocr_par' dir='ltr' id='par_1_1' title="bbox 695 1357 710 1420">
     <span class='ocr_line' id='line_1_1' title="bbox 695 1357 710 1420; baseline 0 0"><span class='ocrx_word' id='word_1_1' title='bbox 695 1357 710 1420; x_wconf 95' lang='lat' dir='ltr'>l</span> 
     </span>
    </p>
   </div>
   <div class='ocr_carea' id='block_1_2' title="bbox 128 1535 1279 1819">
    <p class='ocr_par' dir='ltr' id='par_1_2' title="bbox 128 1535 1279 1819">
     <span class='ocr_line' id='line_1_2' title="bbox 216 1535 1279 1614; baseline 0 -18"><span class='ocrx_word' id='word_1_2' title='bbox 216 1535 391 1596; x_wconf 88' lang='lat' dir='ltr'>Graecorum</span> <span class='ocrx_word' id='word_1_3' title='bbox 405 1535 547 1596; x_wconf 75' lang='lat' dir='ltr'><strong>historiae</strong></span> <span class='ocrx_word' id='word_1_4' title='bbox 556 1536 697 1596; x_wconf 83' lang='lat' dir='ltr'>fabularis</span> <span class='ocrx_word' id='word_1_5' title='bbox 709 1556 771 1596; x_wconf 92' lang='lat' dir='ltr'>cum</span> <span class='ocrx_word' id='word_1_6' title='bbox 783 1538 924 1614; x_wconf 80' lang='lat' dir='ltr'><strong>reliquias</strong></span> <span class='ocrx_word' id='word_1_7' title='bbox 937 1557 1012 1614; x_wconf 90' lang='lat' dir='ltr'>quae</span> <span class='ocrx_word' id='word_1_8' title='bbox 1023 1538 1279 1614; x_wconf 84' lang='lat' dir='ltr'>grammaticorum</span> 
     </span>
     <span class='ocr_line' id='line_1_3' title="bbox 128 1639 1279 1717; baseline -0.001 -18"><span class='ocrx_word' id='word_1_9' title='bbox 128 1645 263 1699; x_wconf 85' lang='lat' dir='ltr'>ueterum</span> <span class='ocrx_word' id='word_1_10' title='bbox 286 1640 500 1698; x_wconf 83' lang='lat' dir='ltr'>commentariis</span> <span class='ocrx_word' id='word_1_11' title='bbox 516 1639 751 1717; x_wconf 89' lang='lat' dir='ltr'>compendiisque</span> <span class='ocrx_word' id='word_1_12' title='bbox 763 1639 830 1697; x_wconf 87' lang='lat' dir='ltr'>huic</span> <span class='ocrx_word' id='word_1_13' title='bbox 846 1641 938 1698; x_wconf 80' lang='lat' dir='ltr'>aelati</span> <span class='ocrx_word' id='word_1_14' title='bbox 956 1647 1089 1699; x_wconf 86' lang='lat' dir='ltr'>servatae</span> <span class='ocrx_word' id='word_1_15' title='bbox 1103 1646 1181 1716; x_wconf 85' lang='lat' dir='ltr'>sunt,</span> <span class='ocrx_word' id='word_1_16' title='bbox 1202 1644 1279 1698; x_wconf 87' lang='lat' dir='ltr'>trac·</span> 
     </span>
     <span class='ocr_line' id='line_1_4' title="bbox 129 1740 1279 1819; baseline 0 -20"><span class='ocrx_word' id='word_1_17' title='bbox 129 1741 239 1800; x_wconf 83' lang='lat' dir='ltr'>tondes</span> <span class='ocrx_word' id='word_1_18' title='bbox 254 1740 325 1798; x_wconf 89' lang='lat' dir='ltr'>mihi</span> <span class='ocrx_word' id='word_1_19' title='bbox 339 1741 557 1816; x_wconf 80' lang='lat' dir='ltr'>proposuissem</span> <span class='ocrx_word' id='word_1_20' title='bbox 568 1746 604 1798; x_wconf 90' lang='lat' dir='ltr'>ut</span> <span class='ocrx_word' id='word_1_21' title='bbox 620 1760 717 1798; x_wconf 88' lang='lat' dir='ltr'>earum</span> <span class='ocrx_word' id='word_1_22' title='bbox 731 1741 843 1817; x_wconf 82' lang='lat' dir='ltr'>origine</span> <span class='ocrx_word' id='word_1_23' title='bbox 858 1741 948 1800; x_wconf 90' lang='lat' dir='ltr'>altius</span> <span class='ocrx_word' id='word_1_24' title='bbox 970 1743 1098 1819; x_wconf 85' lang='lat' dir='ltr'>repetita</span> <span class='ocrx_word' id='word_1_25' title='bbox 1119 1742 1279 1800; x_wconf 76' lang='lat' dir='ltr'>auctorita-</span> 
     </span>
    </p>
   </div>
   <div class='ocr_carea' id='block_1_3' title="bbox 129 1841 1340 3842">
    <p class='ocr_par' dir='ltr' id='par_1_3' title="bbox 129 1841 1340 3842">
     <span class='ocr_line' id='line_1_5' title="bbox 130 1841 1340 1918; baseline 0.001 -19"><span class='ocrx_word' id='word_1_26' title='bbox 130 1849 193 1900; x_wconf 85' lang='lat' dir='ltr'>tem</span> <span class='ocrx_word' id='word_1_27' title='bbox 208 1841 352 1918; x_wconf 89' lang='lat' dir='ltr'>fidemque</span> <span class='ocrx_word' id='word_1_28' title='bbox 365 1842 473 1899; x_wconf 87' lang='lat' dir='ltr'>certius</span> <span class='ocrx_word' id='word_1_29' title='bbox 489 1842 681 1918; x_wconf 84' lang='lat' dir='ltr'>exquirerem,</span> <span class='ocrx_word' id='word_1_30' title='bbox 704 1861 798 1918; x_wconf 90' lang='lat' dir='ltr'>neque</span> <span class='ocrx_word' id='word_1_31' title='bbox 814 1841 972 1918; x_wconf 86' lang='lat' dir='ltr'>quidquam</span> <span class='ocrx_word' id='word_1_32' title='bbox 995 1842 1145 1918; x_wconf 90' lang='lat' dir='ltr'>antiquius</span> <span class='ocrx_word' id='word_1_33' title='bbox 1157 1861 1218 1900; x_wconf 86' lang='lat' dir='ltr'>esse</span> <span class='ocrx_word' id='word_1_34' title='bbox 1229 1841 1279 1900; x_wconf 87' lang='lat' dir='ltr'>ha·</span> <span class='ocrx_word' id='word_1_35' title='bbox 1331 1859 1340 1866; x_wconf 91' lang='lat'>·</span> 
     </span>
     <span class='ocr_line' id='line_1_6' title="bbox 129 1943 1280 2019; baseline 0.001 -20"><span class='ocrx_word' id='word_1_36' title='bbox 129 1943 257 2001; x_wconf 87' lang='lat' dir='ltr'>bendum</span> <span class='ocrx_word' id='word_1_37' title='bbox 281 1943 351 2000; x_wconf 89' lang='lat' dir='ltr'>mihi</span> <span class='ocrx_word' id='word_1_38' title='bbox 377 1943 470 2000; x_wconf 87' lang='lat' dir='ltr'>visum</span> <span class='ocrx_word' id='word_1_39' title='bbox 496 1948 541 2001; x_wconf 87' lang='lat' dir='ltr'>est</span> <span class='ocrx_word' id='word_1_40' title='bbox 571 1963 658 2019; x_wconf 89' lang='lat' dir='ltr'>quarn</span> <span class='ocrx_word' id='word_1_41' title='bbox 680 1950 715 2001; x_wconf 87' lang='lat' dir='ltr'>ut</span> <span class='ocrx_word' id='word_1_42' title='bbox 738 1943 813 2001; x_wconf 90' lang='lat' dir='ltr'>clare</span> <span class='ocrx_word' id='word_1_43' title='bbox 836 1947 867 2001; x_wconf 87' lang='lat' dir='ltr'>et</span> <span class='ocrx_word' id='word_1_44' title='bbox 888 1943 1029 2002; x_wconf 88' lang='lat' dir='ltr'>adcurate</span> <span class='ocrx_word' id='word_1_45' title='bbox 1057 1947 1280 2019; x_wconf 84' lang='lat' dir='ltr'>cognosceretur</span> 
     </span>
     <span class='ocr_line' id='line_1_7' title="bbox 130 2021 1330 2122; baseline 0.003 -22"><span class='ocrx_word' id='word_1_46' title='bbox 130 2043 239 2120; x_wconf 89' lang='lat' dir='ltr'>quibus</span> <span class='ocrx_word' id='word_1_47' title='bbox 261 2043 425 2102; x_wconf 87' lang='lat' dir='ltr'>rationibus</span> <span class='ocrx_word' id='word_1_48' title='bbox 445 2046 490 2103; x_wconf 91' lang='lat' dir='ltr'>usi</span> <span class='ocrx_word' id='word_1_49' title='bbox 511 2046 693 2120; x_wconf 82' lang='lat' dir='ltr'>grammatici</span> <span class='ocrx_word' id='word_1_50' title='bbox 721 2044 911 2103; x_wconf 79' lang='lat' dir='ltr'>Alexandrini</span> <span class='ocrx_word' id='word_1_51' title='bbox 926 2048 1060 2122; x_wconf 82' lang='lat' dir='ltr'>ingentes</span> <span class='ocrx_word' id='word_1_52' title='bbox 1080 2044 1279 2121; x_wconf 80' lang='lat' dir='ltr'>latissimeque</span> <span class='ocrx_word' id='word_1_53' title='bbox 1322 2021 1330 2034; x_wconf 38' lang='grc' dir='ltr'><em>Ι</em></span> 
     </span>
     <span class='ocr_line' id='line_1_8' title="bbox 131 2145 1279 2224; baseline 0.001 -23"><span class='ocrx_word' id='word_1_54' title='bbox 131 2145 254 2202; x_wconf 85' lang='lat' dir='ltr'>diffusas</span> <span class='ocrx_word' id='word_1_55' title='bbox 267 2145 408 2204; x_wconf 77' lang='lat' dir='ltr'>historiae</span> <span class='ocrx_word' id='word_1_56' title='bbox 426 2147 557 2224; x_wconf 84' lang='lat' dir='ltr'>poeticae</span> <span class='ocrx_word' id='word_1_57' title='bbox 579 2148 678 2222; x_wconf 90' lang='lat' dir='ltr'>copias</span> <span class='ocrx_word' id='word_1_58' title='bbox 694 2145 889 2222; x_wconf 84' lang='lat' dir='ltr'>conlegissent</span> <span class='ocrx_word' id='word_1_59' title='bbox 904 2152 933 2206; x_wconf 88' lang='lat' dir='ltr'>et</span> <span class='ocrx_word' id='word_1_60' title='bbox 948 2147 1169 2224; x_wconf 82' lang='lat' dir='ltr'>disposuissent,</span> <span class='ocrx_word' id='word_1_61' title='bbox 1184 2164 1279 2221; x_wconf 90' lang='lat' dir='ltr'>neque</span> 
     </span>
     <span class='ocr_line' id='line_1_9' title="bbox 132 2241 1279 2325; baseline 0.003 -25"><span class='ocrx_word' id='word_1_62' title='bbox 132 2243 188 2302; x_wconf 94' lang='lat' dir='ltr'>hoc</span> <span class='ocrx_word' id='word_1_63' title='bbox 209 2241 273 2302; x_wconf 84' lang='lat' dir='ltr'>lieri</span> <span class='ocrx_word' id='word_1_64' title='bbox 294 2265 381 2322; x_wconf 89' lang='lat' dir='ltr'>posse</span> <span class='ocrx_word' id='word_1_65' title='bbox 404 2249 459 2306; x_wconf 90' lang='lat' dir='ltr'>nisi</span> <span class='ocrx_word' id='word_1_66' title='bbox 482 2268 516 2304; x_wconf 88' lang='lat' dir='ltr'>ex</span> <span class='ocrx_word' id='word_1_67' title='bbox 539 2252 674 2306; x_wconf 86' lang='lat' dir='ltr'>vetustae</span> <span class='ocrx_word' id='word_1_68' title='bbox 699 2247 849 2306; x_wconf 88' lang='lat' dir='ltr'>doctrinae</span> <span class='ocrx_word' id='word_1_69' title='bbox 877 2255 967 2325; x_wconf 86' lang='lat' dir='ltr'>utque</span> <span class='ocrx_word' id='word_1_70' title='bbox 994 2247 1162 2323; x_wconf 79' lang='lat' dir='ltr'>diligentiae</span> <span class='ocrx_word' id='word_1_71' title='bbox 1190 2247 1279 2305; x_wconf 87' lang='lat' dir='ltr'>rude-</span> 
     </span>
     <span class='ocr_line' id='line_1_10' title="bbox 131 2344 1280 2426; baseline 0.004 -24"><span class='ocrx_word' id='word_1_72' title='bbox 131 2345 214 2403; x_wconf 85' lang='lat' dir='ltr'>ribus</span> <span class='ocrx_word' id='word_1_73' title='bbox 242 2344 329 2404; x_wconf 91' lang='lat' dir='ltr'>hodie</span> <span class='ocrx_word' id='word_1_74' title='bbox 357 2366 412 2423; x_wconf 90' lang='lat' dir='ltr'>per</span> <span class='ocrx_word' id='word_1_75' title='bbox 444 2347 553 2406; x_wconf 91' lang='lat' dir='ltr'>scholia</span> <span class='ocrx_word' id='word_1_76' title='bbox 587 2349 815 2426; x_wconf 90' lang='lat' dir='ltr'>compendiaque</span> <span class='ocrx_word' id='word_1_77' title='bbox 848 2349 932 2408; x_wconf 85' lang='lat' dir='ltr'>foede</span> <span class='ocrx_word' id='word_1_78' title='bbox 963 2349 1091 2407; x_wconf 86' lang='lat' dir='ltr'>disiectis</span> <span class='ocrx_word' id='word_1_79' title='bbox 1122 2348 1167 2406; x_wconf 86' lang='lat' dir='ltr'>vel</span> <span class='ocrx_word' id='word_1_80' title='bbox 1195 2349 1280 2407; x_wconf 87' lang='lat' dir='ltr'>unius</span> 
     </span>
     <span class='ocr_line' id='line_1_11' title="bbox 131 2445 1279 2526; baseline 0.001 -20"><span class='ocrx_word' id='word_1_81' title='bbox 131 2446 240 2506; x_wconf 85' lang='lat' dir='ltr'>veteris</span> <span class='ocrx_word' id='word_1_82' title='bbox 263 2445 473 2525; x_wconf 85' lang='lat' dir='ltr'>mythographi</span> <span class='ocrx_word' id='word_1_83' title='bbox 496 2454 576 2507; x_wconf 77' lang='lat' dir='ltr'>ceria</span> <span class='ocrx_word' id='word_1_84' title='bbox 597 2451 737 2508; x_wconf 88' lang='lat' dir='ltr'>memoria</span> <span class='ocrx_word' id='word_1_85' title='bbox 760 2455 845 2510; x_wconf 88' lang='lat' dir='ltr'>eruta</span> <span class='ocrx_word' id='word_1_86' title='bbox 867 2455 952 2509; x_wconf 86' lang='lat' dir='ltr'>esset.</span> <span class='ocrx_word' id='word_1_87' title='bbox 977 2451 1034 2507; x_wconf 88' lang='lat' dir='ltr'>Ars</span> <span class='ocrx_word' id='word_1_88' title='bbox 1055 2451 1156 2508; x_wconf 84' lang='lat' dir='ltr'>critica</span> <span class='ocrx_word' id='word_1_89' title='bbox 1172 2449 1279 2526; x_wconf 87' lang='lat' dir='ltr'>quibus</span> 
     </span>
     <span class='ocr_line' id='line_1_12' title="bbox 133 2549 1330 2629; baseline 0 -23"><span class='ocrx_word' id='word_1_90' title='bbox 133 2567 193 2606; x_wconf 90' lang='lat' dir='ltr'>non</span> <span class='ocrx_word' id='word_1_91' title='bbox 214 2550 275 2607; x_wconf 89' lang='lat' dir='ltr'>sine</span> <span class='ocrx_word' id='word_1_92' title='bbox 296 2553 404 2608; x_wconf 81' lang='lat' dir='ltr'>eventu</span> <span class='ocrx_word' id='word_1_93' title='bbox 417 2549 615 2621; x_wconf 89' lang='lat' dir='ltr'>adhiberetur,</span> <span class='ocrx_word' id='word_1_94' title='bbox 638 2551 717 2626; x_wconf 85' lang='lat' dir='ltr'>ultro</span> <span class='ocrx_word' id='word_1_95' title='bbox 740 2550 951 2621; x_wconf 87' lang='lat' dir='ltr'>obferebantur</span> <span class='ocrx_word' id='word_1_96' title='bbox 966 2569 1001 2608; x_wconf 89' lang='lat' dir='ltr'>ea</span> <span class='ocrx_word' id='word_1_97' title='bbox 1011 2550 1158 2629; x_wconf 88' lang='lat' dir='ltr'>Apollonii</span> <span class='ocrx_word' id='word_1_98' title='bbox 1170 2550 1278 2621; x_wconf 85' lang='lat' dir='ltr'>Rhodii</span> <span class='ocrx_word' id='word_1_99' title='bbox 1323 2575 1330 2585; x_wconf 43' lang='lat' dir='ltr'>r</span> 
     </span>
     <span class='ocr_line' id='line_1_13' title="bbox 132 2649 1278 2727; baseline 0.001 -20"><span class='ocrx_word' id='word_1_100' title='bbox 132 2650 398 2727; x_wconf 85' lang='lat' dir='ltr'>Argonauticorum</span> <span class='ocrx_word' id='word_1_101' title='bbox 422 2649 532 2708; x_wconf 89' lang='lat' dir='ltr'>scholia</span> <span class='ocrx_word' id='word_1_102' title='bbox 553 2651 661 2727; x_wconf 92' lang='lat' dir='ltr'>quibus</span> <span class='ocrx_word' id='word_1_103' title='bbox 683 2651 849 2710; x_wconf 80' lang='lat' dir='ltr'>fabularum</span> <span class='ocrx_word' id='word_1_104' title='bbox 873 2653 971 2709; x_wconf 86' lang='lat' dir='ltr'>variae</span> <span class='ocrx_word' id='word_1_105' title='bbox 995 2651 1110 2710; x_wconf 72' lang='lat' dir='ltr'>&#39;formae</span> <span class='ocrx_word' id='word_1_106' title='bbox 1125 2651 1220 2710; x_wconf 75' lang='lat' dir='ltr'>&#39;aliter</span> <span class='ocrx_word' id='word_1_107' title='bbox 1240 2650 1278 2709; x_wconf 89' lang='lat' dir='ltr'>ab</span> 
     </span>
     <span class='ocr_line' id='line_1_14' title="bbox 132 2749 1277 2828; baseline -0.003 -20"><span class='ocrx_word' id='word_1_108' title='bbox 132 2751 198 2809; x_wconf 90' lang='lat' dir='ltr'>aliis</span> <span class='ocrx_word' id='word_1_109' title='bbox 219 2750 305 2809; x_wconf 86' lang='lat' dir='ltr'>fictae</span> <span class='ocrx_word' id='word_1_110' title='bbox 328 2755 357 2808; x_wconf 85' lang='lat' dir='ltr'>et</span> <span class='ocrx_word' id='word_1_111' title='bbox 379 2755 527 2810; x_wconf 59' lang='lat' dir='ltr'>narremus</span> <span class='ocrx_word' id='word_1_112' title='bbox 543 2750 619 2810; x_wconf 87' lang='lat' dir='ltr'>bone</span> <span class='ocrx_word' id='word_1_113' title='bbox 644 2756 735 2827; x_wconf 87' lang='lat' dir='ltr'>atque</span> <span class='ocrx_word' id='word_1_114' title='bbox 756 2751 839 2827; x_wconf 79' lang='lat' dir='ltr'>lorge</span> <span class='ocrx_word' id='word_1_115' title='bbox 860 2754 991 2810; x_wconf 89' lang='lat' dir='ltr'>veterum</span> <span class='ocrx_word' id='word_1_116' title='bbox 1012 2755 1166 2828; x_wconf 88' lang='lat' dir='ltr'>poetarum</span> <span class='ocrx_word' id='word_1_117' title='bbox 1188 2749 1277 2826; x_wconf 84' lang='lat' dir='ltr'>scrip·</span> 
     </span>
     <span class='ocr_line' id='line_1_15' title="bbox 131 2850 1248 2931; baseline -0.002 -21"><span class='ocrx_word' id='word_1_118' title='bbox 131 2858 289 2930; x_wconf 87' lang='lat' dir='ltr'>torumque</span> <span class='ocrx_word' id='word_1_119' title='bbox 318 2855 423 2913; x_wconf 76' lang='lat' dir='ltr'>notitia</span> <span class='ocrx_word' id='word_1_120' title='bbox 444 2853 576 2913; x_wconf 87' lang='lat' dir='ltr'>exhibita</span> <span class='ocrx_word' id='word_1_121' title='bbox 598 2854 662 2912; x_wconf 85' lang='lat' dir='ltr'>fuse</span> <span class='ocrx_word' id='word_1_122' title='bbox 686 2858 880 2931; x_wconf 85' lang='lat' dir='ltr'>exponuntur.</span> <span class='ocrx_word' id='word_1_123' title='bbox 924 2850 1029 2930; x_wconf 83' lang='lat' dir='ltr'>Neque</span> <span class='ocrx_word' id='word_1_124' title='bbox 1049 2871 1114 2930; x_wconf 89' lang='lat' dir='ltr'>spes</span> <span class='ocrx_word' id='word_1_125' title='bbox 1137 2851 1248 2909; x_wconf 83' lang='lat' dir='ltr'>fefellit.</span> 
     </span>
     <span class='ocr_line' id='line_1_16' title="bbox 233 2952 1278 3033; baseline -0.001 -21"><span class='ocrx_word' id='word_1_126' title='bbox 233 2955 274 3012; x_wconf 93' lang='lat' dir='ltr'>Ac</span> <span class='ocrx_word' id='word_1_127' title='bbox 296 2956 420 3032; x_wconf 90' lang='lat' dir='ltr'>primum</span> <span class='ocrx_word' id='word_1_128' title='bbox 451 2955 567 3032; x_wconf 87' lang='lat' dir='ltr'>quidem</span> <span class='ocrx_word' id='word_1_129' title='bbox 601 2954 654 3016; x_wconf 87' lang='lat' dir='ltr'>has</span> <span class='ocrx_word' id='word_1_130' title='bbox 689 2958 787 3033; x_wconf 87' lang='lat' dir='ltr'>copias</span> <span class='ocrx_word' id='word_1_131' title='bbox 817 2955 854 3015; x_wconf 90' lang='lat' dir='ltr'>ab</span> <span class='ocrx_word' id='word_1_132' title='bbox 889 2975 948 3014; x_wconf 91' lang='lat' dir='ltr'>uno</span> <span class='ocrx_word' id='word_1_133' title='bbox 975 2954 1134 3030; x_wconf 89' lang='lat' dir='ltr'>eodemque</span> <span class='ocrx_word' id='word_1_134' title='bbox 1162 2952 1278 3011; x_wconf 89' lang='lat' dir='ltr'>homine</span> 
     </span>
     <span class='ocr_line' id='line_1_17' title="bbox 134 3055 1279 3136; baseline 0.001 -23"><span class='ocrx_word' id='word_1_135' title='bbox 134 3061 285 3132; x_wconf 84' lang='lat' dir='ltr'>congestas</span> <span class='ocrx_word' id='word_1_136' title='bbox 315 3075 383 3115; x_wconf 90' lang='lat' dir='ltr'>esse·</span> <span class='ocrx_word' id='word_1_137' title='bbox 400 3056 466 3115; x_wconf 90' lang='lat' dir='ltr'>ideo</span> <span class='ocrx_word' id='word_1_138' title='bbox 493 3059 638 3136; x_wconf 87' lang='lat' dir='ltr'>suspicari</span> <span class='ocrx_word' id='word_1_139' title='bbox 659 3059 729 3116; x_wconf 86' lang='lat' dir='ltr'>licet</span> <span class='ocrx_word' id='word_1_140' title='bbox 750 3059 829 3135; x_wconf 92' lang='lat' dir='ltr'>quod</span> <span class='ocrx_word' id='word_1_141' title='bbox 851 3058 952 3116; x_wconf 85' lang='lat' dir='ltr'>eadem</span> <span class='ocrx_word' id='word_1_142' title='bbox 975 3058 1036 3116; x_wconf 83' lang='lat' dir='ltr'>lere</span> <span class='ocrx_word' id='word_1_143' title='bbox 1058 3075 1173 3133; x_wconf 91' lang='lat' dir='ltr'>semper</span> <span class='ocrx_word' id='word_1_144' title='bbox 1188 3055 1279 3132; x_wconf 90' lang='lat' dir='ltr'>adpo-</span> 
     </span>
     <span class='ocr_line' id='line_1_18' title="bbox 133 3151 1279 3235; baseline -0.004 -19"><span class='ocrx_word' id='word_1_145' title='bbox 133 3158 190 3216; x_wconf 83' lang='lat' dir='ltr'>sila</span> <span class='ocrx_word' id='word_1_146' title='bbox 223 3159 361 3233; x_wconf 85' lang='lat' dir='ltr'>leguntur</span> <span class='ocrx_word' id='word_1_147' title='bbox 387 3164 538 3235; x_wconf 83' lang='lat' dir='ltr'>poetarum</span> <span class='ocrx_word' id='word_1_148' title='bbox 562 3160 606 3218; x_wconf 87' lang='lat' dir='ltr'>vel</span> <span class='ocrx_word' id='word_1_149' title='bbox 634 3159 774 3218; x_wconf 85' lang='lat' dir='ltr'>historiae</span> <span class='ocrx_word' id='word_1_150' title='bbox 798 3158 939 3217; x_wconf 85' lang='lat' dir='ltr'>fabularis</span> <span class='ocrx_word' id='word_1_151' title='bbox 960 3158 1136 3235; x_wconf 88' lang='lat' dir='ltr'>scriptorum</span> <span class='ocrx_word' id='word_1_152' title='bbox 1159 3151 1279 3213; x_wconf 86' lang='lat' dir='ltr'>Hesiodi</span> 
     </span>
     <span class='ocr_line' id='line_1_19' title="bbox 132 3253 1277 3336; baseline -0.002 -21"><span class='ocrx_word' id='word_1_153' title='bbox 132 3257 282 3336; x_wconf 83' lang='lat' dir='ltr'>Sophoclis</span> <span class='ocrx_word' id='word_1_154' title='bbox 303 3258 488 3335; x_wconf 84' lang='lat' dir='ltr'>Pherecydae</span> <span class='ocrx_word' id='word_1_155' title='bbox 500 3259 643 3320; x_wconf 90' lang='lat' dir='ltr'>Hellanici</span> <span class='ocrx_word' id='word_1_156' title='bbox 656 3261 800 3319; x_wconf 90' lang='lat' dir='ltr'>Herodori</span> <span class='ocrx_word' id='word_1_157' title='bbox 822 3260 944 3318; x_wconf 90' lang='lat' dir='ltr'>aliorum</span> <span class='ocrx_word' id='word_1_158' title='bbox 957 3258 1126 3318; x_wconf 87' lang='lat' dir='ltr'>testimonia</span> <span class='ocrx_word' id='word_1_159' title='bbox 1135 3253 1168 3328; x_wconf 88' lang='lat'>¹),</span> <span class='ocrx_word' id='word_1_160' title='bbox 1183 3274 1277 3331; x_wconf 89' lang='lat' dir='ltr'>neque</span> 
     </span>
     <span class='ocr_line' id='line_1_20' title="bbox 133 3357 1278 3440; baseline -0.002 -24"><span class='ocrx_word' id='word_1_161' title='bbox 133 3359 187 3416; x_wconf 94' lang='lat' dir='ltr'>hoc</span> <span class='ocrx_word' id='word_1_162' title='bbox 208 3360 357 3438; x_wconf 87' lang='lat' dir='ltr'>Apollonii</span> <span class='ocrx_word' id='word_1_163' title='bbox 392 3367 651 3420; x_wconf 85' lang='lat' dir='ltr'>commentatorum</span> <span class='ocrx_word' id='word_1_164' title='bbox 685 3362 776 3421; x_wconf 90' lang='lat' dir='ltr'>triadi</span> <span class='ocrx_word' id='word_1_165' title='bbox 806 3361 906 3421; x_wconf 90' lang='lat' dir='ltr'>deberi</span> <span class='ocrx_word' id='word_1_166' title='bbox 933 3381 1029 3440; x_wconf 89' lang='lat' dir='ltr'>pauca</span> <span class='ocrx_word' id='word_1_167' title='bbox 1051 3358 1138 3419; x_wconf 89' lang='lat' dir='ltr'>simili</span> <span class='ocrx_word' id='word_1_168' title='bbox 1163 3357 1278 3415; x_wconf 90' lang='lat' dir='ltr'>ratione</span> 
     </span>
     <span class='ocr_line' id='line_1_21' title="bbox 135 3457 1277 3540; baseline -0.002 -22"><span class='ocrx_word' id='word_1_169' title='bbox 135 3461 297 3539; x_wconf 86' lang='lat' dir='ltr'>eisdemque</span> <span class='ocrx_word' id='word_1_170' title='bbox 318 3462 380 3522; x_wconf 88' lang='lat' dir='ltr'>sere</span> <span class='ocrx_word' id='word_1_171' title='bbox 401 3463 498 3522; x_wconf 86' lang='lat' dir='ltr'>verbis</span> <span class='ocrx_word' id='word_1_172' title='bbox 520 3469 609 3540; x_wconf 87' lang='lat' dir='ltr'>atque</span> <span class='ocrx_word' id='word_1_173' title='bbox 640 3465 669 3520; x_wconf 90' lang='lat' dir='ltr'>in</span> <span class='ocrx_word' id='word_1_174' title='bbox 702 3463 748 3522; x_wconf 92' lang='lat' dir='ltr'>his</span> <span class='ocrx_word' id='word_1_175' title='bbox 784 3461 911 3534; x_wconf 90' lang='lat' dir='ltr'>scholiis,</span> <span class='ocrx_word' id='word_1_176' title='bbox 938 3464 968 3520; x_wconf 90' lang='lat' dir='ltr'>in</span> <span class='ocrx_word' id='word_1_177' title='bbox 989 3461 1110 3521; x_wconf 91' lang='lat' dir='ltr'>Pindari</span> <span class='ocrx_word' id='word_1_178' title='bbox 1142 3457 1277 3517; x_wconf 88' lang='lat' dir='ltr'>carminis</span> 
     </span>
     <span class='ocr_line' id='line_1_22' title="bbox 134 3559 1278 3642; baseline -0.001 -25"><span class='ocrx_word' id='word_1_179' title='bbox 134 3559 230 3635; x_wconf 87' lang='lat' dir='ltr'>Pythii</span> <span class='ocrx_word' id='word_1_180' title='bbox 254 3564 354 3638; x_wconf 89' lang='lat' dir='ltr'>quarti</span> <span class='ocrx_word' id='word_1_181' title='bbox 376 3571 407 3623; x_wconf 85' lang='lat' dir='ltr'>et</span> <span class='ocrx_word' id='word_1_182' title='bbox 424 3565 574 3642; x_wconf 87' lang='lat' dir='ltr'>Euripidis</span> <span class='ocrx_word' id='word_1_183' title='bbox 586 3565 707 3625; x_wconf 89' lang='lat' dir='ltr'>Medeae</span> <span class='ocrx_word' id='word_1_184' title='bbox 723 3566 937 3624; x_wconf 88' lang='lat' dir='ltr'>commentariis</span> <span class='ocrx_word' id='word_1_185' title='bbox 949 3563 1082 3641; x_wconf 84' lang='lat' dir='ltr'>exposita</span> <span class='ocrx_word' id='word_1_186' title='bbox 1105 3561 1278 3618; x_wconf 86' lang='lat' dir='ltr'>documento</span> 
     </span>
     <span class='ocr_line' id='line_1_23' title="bbox 134 3661 1279 3742; baseline -0.002 -22"><span class='ocrx_word' id='word_1_187' title='bbox 134 3667 210 3721; x_wconf 83' lang='lat' dir='ltr'>sunt.</span> <span class='ocrx_word' id='word_1_188' title='bbox 253 3663 338 3734; x_wconf 73' lang='lat' dir='ltr'>Quod</span> <span class='ocrx_word' id='word_1_189' title='bbox 371 3668 445 3724; x_wconf 88' lang='lat' dir='ltr'>enim</span> <span class='ocrx_word' id='word_1_190' title='bbox 478 3666 568 3725; x_wconf 86' lang='lat' dir='ltr'>schol.</span> <span class='ocrx_word' id='word_1_191' title='bbox 595 3667 680 3726; x_wconf 92' lang='lat' dir='ltr'>Pind.</span> <span class='ocrx_word' id='word_1_192' title='bbox 706 3665 792 3742; x_wconf 86' lang='lat' dir='ltr'>Pyth.</span> <span class='ocrx_word' id='word_1_193' title='bbox 816 3666 947 3726; x_wconf 87' lang='grc'><strong>1111337</strong></span> <span class='ocrx_word' id='word_1_194' title='bbox 981 3661 1113 3723; x_wconf 89' lang='lat' dir='ltr'>nonnulli</span> <span class='ocrx_word' id='word_1_195' title='bbox 1144 3665 1279 3718; x_wconf 86' lang='lat' dir='ltr'>auctores</span> 
     </span>
     <span class='ocr_line' id='line_1_24' title="bbox 133 3750 1277 3842; baseline -0.003 -21"><span class='ocrx_word' id='word_1_196' title='bbox 133 3767 190 3822; x_wconf 88' lang='lat' dir='ltr'>tros</span> <span class='ocrx_word' id='word_1_197' title='bbox 211 3750 344 3826; x_wconf 58' lang='grc'>1116511]</span> <span class='ocrx_word' id='word_1_198' title='bbox 368 3769 605 3842; x_wconf 80' lang='lat' dir='ltr'>Argonautarum</span> <span class='ocrx_word' id='word_1_199' title='bbox 633 3788 754 3828; x_wconf 91' lang='lat' dir='ltr'>numero</span> <span class='ocrx_word' id='word_1_200' title='bbox 780 3769 961 3827; x_wconf 88' lang='lat' dir='ltr'>recensuisse</span> <span class='ocrx_word' id='word_1_201' title='bbox 982 3762 1277 3839; x_wconf 67' lang='lat' dir='ltr'>dicuntur‘Mopsum</span> 
     </span>
    </p>
   </div>
   <div class='ocr_carea' id='block_1_4' title="bbox 134 4004 1304 4344">
    <p class='ocr_par' dir='ltr' id='par_1_4' title="bbox 134 4004 1304 4344">
     <span class='ocr_line' id='line_1_25' title="bbox 229 4004 1276 4076; baseline 0.004 -20"><span class='ocrx_word' id='word_1_202' title='bbox 229 4005 256 4074; x_wconf 88' lang='lat'>1)</span> <span class='ocrx_word' id='word_1_203' title='bbox 283 4004 318 4067; x_wconf 79' lang='lat' dir='ltr'>H,</span> <span class='ocrx_word' id='word_1_204' title='bbox 335 4021 357 4059; x_wconf 92' lang='lat' dir='ltr'>c.</span> <span class='ocrx_word' id='word_1_205' title='bbox 386 4011 590 4076; x_wconf 88' lang='lat' dir='ltr'>componuntur</span> <span class='ocrx_word' id='word_1_206' title='bbox 607 4005 743 4061; x_wconf 89' lang='lat' dir='ltr'>Hesiodus</span> <span class='ocrx_word' id='word_1_207' title='bbox 771 4011 799 4062; x_wconf 88' lang='lat' dir='ltr'>et</span> <span class='ocrx_word' id='word_1_208' title='bbox 828 4007 1011 4062; x_wconf 85' lang='lat' dir='ltr'>Antimachus</span> <span class='ocrx_word' id='word_1_209' title='bbox 1039 4006 1133 4061; x_wconf 87' lang='lat' dir='ltr'>scholl.</span> <span class='ocrx_word' id='word_1_210' title='bbox 1161 4009 1173 4062; x_wconf 96' lang='lat' dir='ltr'>l</span> <span class='ocrx_word' id='word_1_211' title='bbox 1198 4007 1276 4061; x_wconf 88' lang='grc'><strong>1289.</strong></span> 
     </span>
     <span class='ocr_line' id='line_1_26' title="bbox 135 4092 1275 4165; baseline 0.006 -21"><span class='ocrx_word' id='word_1_212' title='bbox 135 4092 226 4146; x_wconf 87' lang='grc'><strong>11178.</strong></span> <span class='ocrx_word' id='word_1_213' title='bbox 239 4093 371 4149; x_wconf 53' lang='lat' dir='ltr'>assam.</span> <span class='ocrx_word' id='word_1_214' title='bbox 393 4094 520 4158; x_wconf 86' lang='grc'><strong>1111259,</strong></span> <span class='ocrx_word' id='word_1_215' title='bbox 545 4095 682 4149; x_wconf 89' lang='lat' dir='ltr'>Hesiodus</span> <span class='ocrx_word' id='word_1_216' title='bbox 706 4099 734 4150; x_wconf 87' lang='lat' dir='ltr'>et</span> <span class='ocrx_word' id='word_1_217' title='bbox 755 4094 905 4165; x_wconf 82' lang='lat' dir='ltr'>Sophocles</span> <span class='ocrx_word' id='word_1_218' title='bbox 926 4095 1023 4150; x_wconf 90' lang='lat' dir='ltr'>scholl.</span> <span class='ocrx_word' id='word_1_219' title='bbox 1040 4095 1140 4152; x_wconf 79' lang='grc'><strong>11178.</strong></span> <span class='ocrx_word' id='word_1_220' title='bbox 1158 4097 1275 4151; x_wconf 85' lang='grc'>111242.</span> 
     </span>
     <span class='ocr_line' id='line_1_27' title="bbox 134 4180 1304 4247; baseline 0.004 -14"><span class='ocrx_word' id='word_1_221' title='bbox 134 4180 262 4247; x_wconf 84' lang='grc'><strong>1111284,</strong></span> <span class='ocrx_word' id='word_1_222' title='bbox 291 4182 427 4237; x_wconf 90' lang='lat' dir='ltr'>Hesiodus</span> <span class='ocrx_word' id='word_1_223' title='bbox 454 4188 482 4237; x_wconf 91' lang='lat' dir='ltr'>et</span> <span class='ocrx_word' id='word_1_224' title='bbox 510 4183 670 4239; x_wconf 87' lang='lat' dir='ltr'>Herodorus</span> <span class='ocrx_word' id='word_1_225' title='bbox 696 4184 790 4239; x_wconf 91' lang='lat' dir='ltr'>scholl.</span> <span class='ocrx_word' id='word_1_226' title='bbox 819 4186 889 4238; x_wconf 82' lang='lat'>145.</span> <span class='ocrx_word' id='word_1_227' title='bbox 906 4185 982 4240; x_wconf 83' lang='grc'><strong>1289.</strong></span> <span class='ocrx_word' id='word_1_228' title='bbox 1005 4184 1275 4239; x_wconf 82' lang='lat'>111122.1111259.</span> <span class='ocrx_word' id='word_1_229' title='bbox 1301 4221 1304 4229; x_wconf 41' lang='lat'>1</span> 
     </span>
     <span class='ocr_line' id='line_1_28' title="bbox 134 4269 1274 4344; baseline 0.005 -22"><span class='ocrx_word' id='word_1_230' title='bbox 134 4269 275 4326; x_wconf 86' lang='lat' dir='ltr'>Herodoro</span> <span class='ocrx_word' id='word_1_231' title='bbox 295 4272 336 4326; x_wconf 87' lang='lat' dir='ltr'>vel</span> <span class='ocrx_word' id='word_1_232' title='bbox 356 4271 488 4341; x_wconf 81' lang='lat' dir='ltr'>Sophocli</span> <span class='ocrx_word' id='word_1_233' title='bbox 508 4273 670 4342; x_wconf 82' lang='lat' dir='ltr'>adiungitur</span> <span class='ocrx_word' id='word_1_234' title='bbox 679 4273 916 4343; x_wconf 84' lang='lat' dir='ltr'>Naupacticorum</span> <span class='ocrx_word' id='word_1_235' title='bbox 935 4277 1019 4344; x_wconf 88' lang='lat' dir='ltr'>poeta</span> <span class='ocrx_word' id='word_1_236' title='bbox 1037 4274 1134 4329; x_wconf 91' lang='lat' dir='ltr'>scholl.</span> <span class='ocrx_word' id='word_1_237' title='bbox 1156 4274 1274 4328; x_wconf 83' lang='grc'>111242.</span> 
     </span>
    </p>
   </div>
   <div class='ocr_carea' id='block_1_5' title="bbox 133 4356 1288 4506">
    <p class='ocr_par' dir='ltr' id='par_1_5' title="bbox 133 4356 1288 4506">
     <span class='ocr_line' id='line_1_29' title="bbox 134 4356 1288 4434; baseline 0.007 -25"><span class='ocrx_word' id='word_1_238' title='bbox 134 4356 238 4412; x_wconf 83' lang='grc'><strong>111159.</strong></span> <span class='ocrx_word' id='word_1_239' title='bbox 258 4360 300 4412; x_wconf 84' lang='grc'>86.</span> <span class='ocrx_word' id='word_1_240' title='bbox 314 4361 364 4428; x_wconf 86' lang='grc'>87;</span> <span class='ocrx_word' id='word_1_241' title='bbox 383 4362 462 4416; x_wconf 83' lang='lat' dir='ltr'>iuxta</span> <span class='ocrx_word' id='word_1_242' title='bbox 485 4362 618 4432; x_wconf 85' lang='lat' dir='ltr'>leguntur</span> <span class='ocrx_word' id='word_1_243' title='bbox 644 4362 816 4434; x_wconf 86' lang='lat' dir='ltr'>Pherecydes</span> <span class='ocrx_word' id='word_1_244' title='bbox 844 4368 873 4418; x_wconf 85' lang='lat' dir='ltr'>et</span> <span class='ocrx_word' id='word_1_245' title='bbox 900 4364 1061 4418; x_wconf 90' lang='lat' dir='ltr'>Herodorus</span> <span class='ocrx_word' id='word_1_246' title='bbox 1088 4362 1288 4418; x_wconf 79' lang='lat' dir='ltr'>scholl.123,·</span> 
     </span>
     <span class='ocr_line' id='line_1_30' title="bbox 133 4447 401 4506; baseline 0.03 -7"><span class='ocrx_word' id='word_1_247' title='bbox 133 4447 171 4500; x_wconf 78' lang='lat'>45.</span> <span class='ocrx_word' id='word_1_248' title='bbox 193 4447 261 4501; x_wconf 81' lang='lat'>1289</span> <span class='ocrx_word' id='word_1_249' title='bbox 281 4452 333 4505; x_wconf 84' lang='lat' dir='ltr'>etc.</span> <span class='ocrx_word' id='word_1_250' title='bbox 351 4454 401 4506; x_wconf 86' lang='lat' dir='ltr'>etc.</span> 
     </span>
    </p>
   </div>
   <div class='ocr_carea' id='block_1_6' title="bbox 1060 4543 1073 4592">
    <p class='ocr_par' dir='ltr' id='par_1_6' title="bbox 1060 4543 1073 4592">
     <span class='ocr_line' id='line_1_31' title="bbox 1060 4543 1073 4592; baseline 0 0"><span class='ocrx_word' id='word_1_251' title='bbox 1060 4543 1073 4592; x_wconf 96' lang='lat' dir='ltr'>l</span> 
     </span>
    </p>
   </div>
   <div class='ocr_carea' id='block_1_7' title="bbox 0 0 1488 4786">
    <p class='ocr_par' dir='ltr' id='par_1_7' title="bbox 0 0 1488 4786">
     <span class='ocr_line' id='line_1_32' title="bbox 0 0 1488 4786; baseline 0 0"><span class='ocrx_word' id='word_1_252' title='bbox 0 0 1488 4786; x_wconf 95' lang='lat' dir='ltr'> </span> 
     </span>
    </p>
   </div>
  </div>
 </body>
</html>
