2958 4786
115 462 286 520 fabularem
314 464 470 538 pertineat,
492 469 619 521 veterem
642 462 724 520 iilum
746 461 891 520 Bacchum
911 461 1042 520 Indicum
1064 463 1162 520 omitti
1183 460 1273 519 Grae·

117 583 251 640 cumque
280 583 335 640 pro
368 565 436 623 vitis
467 569 621 640 repertore
653 561 756 622 heberi
787 582 846 621 non
874 563 968 640 magis
991 558 1096 620 mirum
1118 567 1164 621 eet
1184 581 1273 639 quam

119 665 253 724 alterum
276 664 421 724 Bacchum
445 686 480 722 ex
501 664 567 723 love
588 668 618 722 et
628 664 804 741 Proserpina
822 665 953 741 genitum
976 662 1101 724 Semeles
1116 663 1177 722 filio
1191 668 1273 741 poet·

120 767 204 843 poni.
250 765 340 824 Immo
370 767 401 824 in
430 765 486 823 hae
517 766 583 843 ipsa
615 764 786 824 diversitate
820 764 979 824 similitudo
1001 764 1134 843 adparet.
1169 765 1273 842 Neque

123 868 201 926 enim
224 867 318 926 solum
341 867 417 926 alter
438 865 570 926 Beeehue
593 865 752 944 utrubique
774 866 872 925 eodem
895 866 981 924 modo
1004 866 1193 926 desciibiiur:

126 1111 232 1178 βρέφος
242 1107 384 1176 ἐκτρῶσαι,
403 1105 457 1161 ὑπὸ
478 1107 509 1160 δέ
527 1109 575 1159 τοῦ
591 1103 676 1176 ’πυρὸς

128 1192 209 1262 αὐτὴν
229 1179 390 1260 τελευτῆσαι.
411 1196 503 1248 ἔπειτα
515 1193 545 1246 τὸ
563 1194 676 1247 παιδίον

128 1281 297 1352 ἀναλαβόντα
316 1279 364 1337 τὸν
378 1287 432 1336 Δία
452 1282 621 1352 παραδοῦναι
638 1282 676 1351 τῶ

127 1373 209 1446 Ἑρμῇ
227 1376 272 1426 καὶ
285 1365 426 1442 προςτάξαι
440 1369 517 1422 τοῦτο
535 1369 591 1441 μὲν
608 1365 675 1422 ἄπο-

129 1467 239 1533 κομίσαι
270 1457 341 1530 πρὸς
368 1457 398 1512 τὸ
418 1454 519 1529 άντρον
537 1456 568 1511 τὸ
593 1459 623 1513 ἐν
643 1459 675 1531 τῇ

129 1545 206 1622 Νύση
227 1553 356 1620 κείμενον
378 1547 478 1619 μεταξύ
487 1553 617 1613 Φοινίκης
630 1551 674 1600 καὶ

127 1643 242 1708 Netiou,¹
253 1645 310 1698 ταῖς
323 1638 354 1692 δέ
366 1630 671 1709 νύμφαις-παραδοῦναι

128 1733 240 1799 τρέιγιειν
267 1732 312 1780 καὶ
340 1724 410 1798 μετὰ
434 1726 534 1791 πολλῆς
553 1724 675 1789 σπουδῆς

129 1816 289 1886 ἐπιμέλειαν
326 1811 408 1868 αὐτοῦ
444 1819 584 1866 ποιεῖσθαι
626 1811 676 1876 τὴν

130 1902 248 1974 ἀρίστην.
268 1901 311 1955 διὸ
331 1905 376 1955 καλ
393 1907 531 1973 τραφέντες
549 1895 674 1956 temte-

130 2009 211 2045 νυσον
230 1993 260 2045 ἐν
276 1990 305 2064 τῇ
315 1984 393 2062 Νύση
407 1997 498 2061 τυχεῖν
516 1990 560 2056 τῆς
579 2008 675 2058 προςη-

129 2087 220 2152 γορίας
238 2073 334 2146 ταύτης
351 2075 408 2132 ιἰπὸ
428 2076 495 2138 Διὸς
517 2082 561 2130 καὶ
581 2073 676 2144 Νύσης

132 2523 340 2596 6περιάγεσθαι
360 2525 385 2576 δ’
402 2519 485 2577 αιἰτόν
496 2526 541 2575 καὶ
561 2515 675 2591 στρατό-

129 2617 214 2669 πεδον
233 2611 264 2668 ού
291 2609 382 2685 μόνον
412 2608 521 2682 ἀνδρῶν
544 2607 674 2664 ἀλλὰκαὶ

129 2703 262 2774 γυναικῶν

128 2965 251 3026 καὶτοὺς
279 2963 389 3028 ἀδίκους
417 2970 463 3020 καὶ
490 2963 598 3035 ἀσεβεῖς
621 2967 675 3020 τῶν

128 3051 285 3127 ἀνθρώπων
306 3051 427 3118 κολάζειν
453 3097 673 3111 .........

128 3146 178 3214 3,1
195 3138 395 3213 στρατεύσαντα
406 3145 430 3197 δ’
444 3149 482 3205 εἰς
500 3141 548 3212 τὴν
560 3142 676 3211 Ἰνδικὴν

127 3238 224 3301 τριετεῖ
237 3225 330 3302 χρόνῳ
349 3231 398 3300 τὴν
415 3229 554 3287 ἐπάνοδον
572 3237 610 3291 εἰς
627 3229 676 3298 τὴν

128 3327 264 3376 Βοιωτίαν
281 3318 453 3388 ποιήσασθαι
464 3323 608 3391 κομίζοντα
621 3319 676 3391 μέν

128 3405 258 3482 λαφύρων
284 3404 428 3479 ἀξιόλογον
457 3412 571 3479 πλῆθος,
596 3431 675 3463 κατα·

127 3504 224 3567 γαγεῖν
255 3497 286 3550 δέ
319 3498 429 3569 πρῶτον
458 3500 513 3553 τῶν
546 3493 676 3554 ἁπάντων

127 3593 269 3658 θρίαμβον
298 3586 341 3639 ἐπ’
376 3587 525 3656 ἐλέφαντος
550 3583 675 3642 Ἰνδικοῦ.

127 3679 173 3728 καὶ
201 3671 261 3734 τούς
289 3674 344 3745 μὲν
374 3673 511 3735 Βοιωτούς
541 3679 587 3727 καὶ
614 3672 675 3734 τοὺς

127 3757 222 3822 άλλους
238 3758 368 3830 Ἕλληνας
401 3767 446 3816 καλ
475 3765 582 3834 Θρᾷκας
609 3760 676 3816 ιἰπο-

126 3845 351 3925 μνημονεύοντας
372 3852 418 3918 της
440 3852 508 3904 κατὰ
530 3848 579 3918 τὴν
594 3847 676 3906 Ἰνδι-

127 3939 177 4008 κὴν
198 3946 338 4010 στρατείας
361 3941 513 4000 καταδεῖξαι
538 3939 584 4000 τάς
606 3955 675 4011 τριε-

127 4030 236 4100 τηρίδας
267 4034 365 4088 θυσίας
392 4022 518 4098 Διονύσῳ
549 4033 591 4082 καὶ
627 4027 676 4083 τὸν

129 4117 197 4173 θεὸν
230 4121 351 4189 νομίζειν
386 4113 453 4170 κατὰ
489 4116 538 4171 τὸν
570 4113 676 4188 χρόνον

126 4209 222 4263 τοῦτον
240 4213 382 4260 ποιεῖσθαι
400 4204 448 4266 τάς
460 4203 535 4276 παρὰ
555 4213 610 4264 τοῖς
628 4203 672 4261 άν-

127 4291 249 4366 θρώποις
268 4295 438 4366 ἐπιφανείας.

725 1111 770 1160 καλ
789 1104 837 1161 τὸν
854 1106 909 1178 μὲν
920 1112 974 1160 Δία
992 1107 1037 1173 τῆς
1048 1110 1173 1179 Σεμέλης
1185 1103 1274 1169 ἀξιού-

725 1216 774 1266 σης
789 1191 935 1268 τυγχάνειν
953 1196 1007 1250 τῶν
1026 1193 1174 1268 ἴσωνἫρᾳ
1186 1198 1275 1268 τιμῶν

725 1292 934 1360 παραγενέσθαι
967 1283 1037 1358 μετὰ
1073 1287 1196 1356 βροντῶν
1228 1289 1274 1338 καλ

724 1378 871 1447 κεραυνῶν,
891 1373 939 1442 την
952 1375 983 1428 δέ
993 1378 1121 1446 Σεμέλην
1133 1372 1184 1446 ούχ
1202 1373 1271 1428 ύπο-

723 1471 860 1538 μείνασαν
885 1462 915 1517 τό
940 1469 1065 1534 μέγεθος
1081 1466 1128 1530 τῆς
1145 1461 1272 1534 περιστά-

724 1573 793 1612 σεως
813 1555 964 1620 τελευτῆσαι
990 1551 1083 1606 καὶτὸ
1107 1559 1212 1626 βρέφος
1230 1555 1272 1608 ἐκ·

724 1646 825 1712 τρῶσαι
846 1639 900 1712 πρὸ
916 1644 964 1695 τοῦ
977 1637 1146 1709 καθήκοντος
1160 1638 1273 1714 χρόνου.

724 1732 865 1785 καὶτοῦτο
888 1731 944 1802 μὲν
966 1728 1015 1786 τὸν
1034 1736 1089 1785 Δία
1112 1736 1217 1802 ταχέως
1236 1735 1274 1792 εές
1301 1723 1304 1731 Α

723 1823 773 1876 τὸν
790 1821 886 1874 ἑαυτοῦ
912 1817 1004 1888 μηρὸν
1031 1814 1178 1889 ἐγκρύψαι,
1202 1817 1273 1891 μετά

725 1912 755 1964 δὲ
776 1911 857 1963 ταῦτα
876 1909 922 1961 τοῦ
941 1905 1008 1961 κατά
1028 1902 1114 1980 φύσιν
1132 1909 1178 1974 τῆς
1195 1911 1270 1977 γενέ·

725 2017 793 2058 σεως
821 1992 924 2070 χρόνου
954 1995 1004 2063 τὴν
1034 2000 1139 2050 τελείαν
1161 1991 1273 2063 αύξησιν

724 2082 889 2154 ποιήσαντος
917 2082 1080 2154 ιἰπενεγκεῖν
1108 2083 1138 2138 τὸ
1166 2089 1273 2158 βρέιγυς

724 2181 762 2236 είς
780 2178 878 2231 Νύσαν
895 2176 941 2242 τῆς
955 2171 1086 2244 Ἀραβίας.
1111 2175 1230 2228 ἐνταῦθα
1246 2175 1271 2226 δ’

724 2263 778 2320 ύιτὸ
797 2265 918 2336 νυμφῶν
944 2266 1083 2334 τραφέντα
1112 2259 1163 2316 τὸν
1183 2263 1272 2316 παῖδα

724 2354 974 2426 προςαγορεοθηναι
998 2352 1053 2423 μὲν
1076 2347 1133 2406 ιἰπὸ
1151 2352 1200 2405 τοῦ
1217 2372 1272 2406 πα-

724 2440 785 2514 τρὸς
803 2442 913 2495 καὶτοῦ
931 2435 1017 2494 τόπου
1035 2434 1192 2494 Διόνυσον.
1211 2479 1217 2491 .
1236 2482 1244 2493 .
1264 2483 1270 2494 .

723 2529 793 2603 μετὰ
812 2531 843 2584 δὲ
856 2532 938 2584 ταῦτα
955 2523 1144 2599 στρατόπεδον
1168 2531 1199 2582 ἐκ
1218 2529 1272 2582 τῶν

723 2619 860 2687 γυνιιικῶν
878 2612 1069 2686 συναγαγόντα
1087 2621 1132 2670 καὶ
1159 2610 1273 2686 θύρσοις

725 2709 932 2760 καθοπλίσαντα
952 2711 1095 2775 στρατείαν
1113 2705 1160 2758 ἐπὶ
1178 2702 1273 2762 πᾶσαν
1331 2743 1334 2750 .

725 2789 896 2860 ποιήσασθαι
917 2790 966 2859 τὴν
984 2797 1148 2865 οἰκουμένην
1184 2835 1190 2848 .
1210 2833 1216 2846 .
1237 2837 1243 2848 .
1265 2835 1271 2847 .

725 2885 790 2952 65,2
810 2881 912 2952 ὀλίγων
925 2881 952 2936 δ’
962 2876 1051 2936 όντων
1060 2883 1114 2937 τῶν
1130 2879 1163 2934 δι’
1177 2879 1272 2951 ύπερη-

726 2978 830 3044 φονίαν
836 2977 880 3025 καὶ
887 2969 1017 3040 ἀσέβειαν
1027 2964 1273 3042 καταφρονούντων

726 3100 972 3114 ..........
1015 3053 1179 3121 κολάζεσθαι
1212 3055 1273 3117 τούς
1310 3041 1321 3062 ’

724 3142 857 3208 τοιούτους
898 3146 943 3201 ὑπ’
986 3142 1066 3200 αύτοῦ
1102 3147 1272 3216 παραχρῆμα

726 3327 773 3379 7..
786 3321 834 3379 τὸν
852 3323 878 3376 δ’
889 3315 937 3377 οὖν
948 3317 1088 3376 Διόνυσόν
1106 3337 1174 3393 φασι
1196 3315 1273 3374 κολά-

726 3429 811 3467 σαντα
829 3412 884 3484 μέν
902 3405 1088 3478 τοὺςάσεβεῖς,
1106 3409 1230 3468 ἐπιεικῶς
1240 3409 1272 3462 δέ

726 3505 942 3573 προςενεχθέντα
952 3505 1008 3558 τοῖς
1017 3495 1106 3556 ἄλλοις
1114 3492 1273 3567 ἀνθρώποις

725 3592 755 3643 ἐκ
765 3585 932 3656 τῇςἿνδικῆς
945 3587 989 3640 ἐπ’
1008 3588 1158 3658 ἐλέφαντος
1169 3582 1218 3652 τὴν
1236 3589 1273 3644 ελς

726 3674 815 3746 Θήβας
840 3672 979 3731 ἐπάνοδον
1000 3669 1180 3741 ποιήσασθαι.
1204 3692 1271 3744 τριε-
1340 3723 1347 3736 s

725 3769 785 3826 τοῦς
812 3767 843 3819 δέ
871 3767 1105 3835 διαγεγενημένου
1128 3762 1175 3815 τού
1203 3756 1271 3832 σύμ-

725 3874 827 3913 παντος
847 3848 950 3924 χρόνου
974 3855 1045 3924 φασὶ
1069 3846 1273 3917 τούςἝλληνας

725 3940 782 3996 ἀπὸ
811 3935 907 4009 ταύτης
936 3941 981 4006 τῆς
1008 3943 1095 3997 αἰτίας
1121 3931 1199 4008 άγειν
1225 3935 1272 3998 τὰς

725 4032 896 4102 τριετηρίδας.
924 4028 1111 4101 μυθολογοῦσι
1138 4027 1165 4080 δ’
1189 4022 1273 4081 αὐτὸν

725 4125 770 4174 καλ
780 4118 911 4191 λαφύρων
920 4112 1067 4188 ἠθροικότα
1079 4117 1186 4181 πλῆθος
1194 4114 1229 4174 ῶς
1237 4109 1272 4169 ῶν

725 4204 781 4260 ἀπὸ
809 4201 963 4272 τηλικαύτης
992 4212 1133 4278 στρατείας
1162 4207 1271 4276 πρῶτον

726 4297 780 4350 τῶν
797 4289 928 4348 ἁπάντων
946 4301 1113 4364 καταγαγεῖν
1129 4300 1272 4366 θρίαμβον

726 4387 763 4444 εἰς
783 4380 832 4450 τὴν
851 4383 979 4453 πατρίδα.
