2958 4786
725 246 759 304 15

162 428 205 486 eh
237 428 289 486 illo
323 426 442 486 tradere
473 429 610 502 coguovit
627 420 660 502 ¹).
709 425 785 497 Quid
820 427 899 503 quod
925 424 980 487 hsc
1012 431 1077 487 tota
1107 427 1199 486 libelli
1230 435 1315 508 parte

166 529 344 607 Apollonius
377 519 522 604 nusquam
554 530 730 598 nominatur,
761 546 820 586 uno
849 528 912 587 loco
937 534 1096 606 postquam
1127 549 1164 589 ex
1190 530 1316 592 Hesiodo

162 631 291 711 aliisque
315 630 350 688 do
361 629 500 706 Harpyiis
515 649 611 707 pauca
626 629 774 706 Apollonii
797 649 832 686 ne
853 629 915 689 ulla
938 631 1055 708 quidem
1076 633 1191 690 ratione
1211 631 1316 691 habits

165 725 310 809 excerpta
331 735 409 800 sunt,
433 729 505 788 haec
527 729 675 789 adduntur
700 725 726 804 [l
749 732 777 800 9,
801 731 850 805 21,
874 729 924 801 8]:
945 720 1141 802 Ἀπολλώνιος
1162 726 1194 790 δὲ
1214 726 1247 794 ἐν
1260 734 1317 804 τοῖς

161 826 376 908 Ἀργοναύταις
406 824 461 900 ἓως
491 825 669 908 Στροφάδων
703 819 803 908 νήσων
837 829 924 908 φησίν
954 817 1043 902 αδτὰς
1069 828 1233 910 διωχθῆναι
1266 832 1315 892 καὶ

166 927 262 1010 μηδὲν
284 931 395 990 παθεῖν
416 927 521 1001 δούσας
552 923 636 1006 δρκον
662 927 710 988 τὸν
733 924 825 990 Φινέα
846 925 943 1008 μηκέτι
966 926 1113 1010 ἀδικήσειν
1148 924 1194 1015 [cf.
1217 935 1315 1013 Apoll.

166 1033 196 1091 ΙΙ
221 1029 358 1110 2828η.].
392 1032 478 1092 Huud
499 1032 585 1092 aliter
609 1033 679 1110 21,2
703 1051 778 1109 quae
800 1033 972 1118 Apollonius
994 1033 1087 1093 tradit
1110 1025 1150 1116 [ll
1174 1039 1231 1096 179
1253 1031 1313 1115 sq.]

170 1134 314 1194 Phineum
340 1138 464 1211 propter
492 1135 610 1192 oracula
633 1135 740 1211 passim
763 1139 794 1192 et
819 1134 984 1211 promiscue
1010 1133 1174 1195 hominihus
1196 1139 1316 1215 prodita

168 1257 187 1294 a
209 1236 277 1295 love
304 1241 453 1294 caecatum
478 1255 541 1295 esse
574 1237 650 1294 inter
679 1240 790 1294 ceteras
822 1255 923 1294 cousus
946 1236 1041 1294 verbis
1072 1229 1100 1293 οἱ
1119 1230 1175 1313 μέν
1206 1237 1315 1298 additis

167 1337 352 1406 adferuntur,
385 1356 479 1412 neque
502 1335 552 1394 ubi
575 1336 611 1394 do
634 1335 706 1394 Telo
728 1355 822 1395 sermo
844 1341 900 1410 est,
923 1335 1117 1412 Apolloniana
1146 1337 1314 1398 ullomodo

165 1439 393 1513 distinguuntur
401 1433 436 1513 2).
481 1436 539 1496 lam
572 1457 647 1513 quae
669 1436 866 1514 Apollodorus
898 1439 1075 1496 enarrationi
1103 1438 1314 1516 Apollonienae

164 1540 356 1617 interposuit,
378 1558 442 1622 cum
456 1540 720 1614 Argonautioorum
743 1536 860 1598 scholiis
878 1535 1064 1599 conferantur
1079 1561 1104 1610 a.
1117 1560 1146 1616 g.
1163 1539 1176 1598 Ι
1191 1537 1282 1616 9,17‚
1297 1541 1312 1600 1
1358 1531 1364 1538 ’

165 1634 200 1698 αἱ
212 1634 350 1718 Λήμνιαι
371 1636 420 1716 τήν
437 1635 615 1717 Ἀφροδίτην
636 1635 688 1698 oris
709 1633 823 1714 ἐπ’μων·
848 1633 918 1716 ήδὲ
934 1635 1037 1711 αι”ταῖς
1055 1636 1193 1719 ἐμβάλλει
1214 1639 1313 1702 δυσοσ·

162 1737 242 1817 μίαν
263 1761 327 1800 cunr
350 1741 439 1799 schol.
469 1741 482 1798 l
506 1743 564 1799 615
587 1739 642 1798 τῶν
663 1736 694 1800 δὲ
721 1736 814 1799 ἄλλων
840 1730 1030 1819 ἱστοροίντων
1062 1733 1102 1799 δτι
1129 1737 1202 1800 κατὰ
1226 1737 1315 1819 χόλον
1410 1765 1411 1768 ’

165 1845 221 1919 τῆς
238 1837 410 1919 Ἀφροδίτης
431 1834 463 1898 αἱ
484 1823 652 1918 Λημνιάδες
673 1837 810 1917 δύσοσμοι
833 1836 962 1921 ἐγένοντο
981 1889 987 1902 .
1011 1887 1017 1898 ,
1042 1887 1068 1913 .,
1092 1844 1109 1900 2
1133 1837 1315 1920 προςσχόντες

164 1930 221 2000 οὖν
241 1930 300 2000 τδτε
322 1935 618 2025 γυναικοκρατουμένῃ
641 1945 673 2026 τῇ
694 1938 816 2026 Λήμνῳ
841 1938 991 2021 μίσγονται
1012 1947 1073 2015 ταῖς
1098 1939 1227 2021 γυναιξίν
1248 1965 1312 2004 cum

165 2044 259 2104 schol.
281 2044 293 2102 l
316 2045 376 2102 769
400 2035 440 2102 δτι
456 2038 487 2102 δὲ
507 2039 647 2122 ἐμίγησαν
668 2038 696 2102 oi
714 2040 906 2122 Ἀργοναῦται
921 2045 981 2115 ταῖς
995 2035 1337 2124 ΛημνίαιςἩρὸδωρος.

165 2139 276 2222 ἱστορεῖ
297 2141 329 2204 ἐν
350 2139 676 2224 τοῑςἈργοναυακοῖςΒ)
699 2191 706 2205 .
730 2189 736 2204 .
762 2189 784 2218 .,
807 2167 883 2223 quae
905 2147 942 2204 de
962 2146 1073 2206 Iasonis
1086 2152 1180 2207 matre
1202 2143 1313 2226 [16,1]‚

163 2247 205 2306 de
216 2247 297 2324 Argo
306 2245 407 2304 Phrixi
428 2245 489 2305 filio
512 2242 629 2324 [16‚6]‚
651 2248 822 2326 deApsyrti
844 2247 932 2307 caede
956 2241 1022 2324 [24.
1035 2245 1129 2326 1-3]
1153 2256 1314 2310 narrantur

164 2368 232 2406 cum
255 2346 372 2406 scholiis
395 2346 408 2404 l
430 2347 477 2406 45.
501 2350 572 2407 230.
594 2349 778 2409 41111223.
802 2351 871 2408 228.
895 2347 1065 2408 Gravissimi
1087 2369 1155 2408 vero
1175 2339 1314 2410 momenti

165 2451 313 2528 estquod
345 2471 381 2509 ex
414 2449 584 2508 auctoribus
606 2449 696 2510 schol.
732 2449 745 2506 l
770 2451 849 2509 1289
883 2450 1023 2510 adhibitis
1057 2453 1087 2509 in
1118 2450 1313 2512 bibliothecae

164 2555 232 2612 loco
254 2546 351 2630 [9,19]
376 2558 517 2630 quattuor
539 2552 672 2612 redeunt.
700 2553 803 2628 Neque
825 2556 922 2611 tamen
946 2571 981 2610 ex
1002 2551 1134 2611 hocloco
1154 2551 1312 2629 ipsosSoy·
1363 2578 1365 2589 .

164 2654 366 2713 tohraehionis
399 2655 490 2712 libros
522 2652 718 2712 bibliothecae
748 2655 861 2713 auctori
891 2659 1009 2731 praesto
1036 2654 1124 2711 luisse
1147 2653 1197 2728 qui
1219 2659 1313 2712 totam
1361 2660 1365 2711 l

164 2757 380 2819 enarrationem
390 2754 615 2832 Apollodoream
627 2755 672 2812 vel
681 2753 776 2812 obiter
787 2774 851 2812 cum
861 2753 989 2813 Diodoro
999 2755 1162 2832 contulerit,
1174 2754 1313 2834 conliget,
1359 2718 1367 2792 l

164 2856 219 2915 sed
234 2855 305 2932 quid
319 2855 419 2914 obstet
434 2856 588 2933 quominus
609 2854 819 2932 Apollodorum
837 2876 900 2915 cum
914 2875 949 2914 ex
962 2856 1117 2933 Apollonio
1136 2858 1313 2918 narrationis

165 2963 371 3035 argumentum
393 2961 483 3034 atque
510 2957 659 3015 materiam
689 2959 862 3035 sumpsisset
886 2958 933 3016 vel
954 2958 1026 3035 ipsis
1048 2957 1178 3016 versibus
1201 2958 1231 3016 in
1252 2978 1312 3017 ser·

164 3077 280 3118 monem
305 3059 470 3136 pedestrem
486 3060 641 3129 conversis,
664 3078 739 3136 quae
761 3061 791 3118 in
809 3061 1016 3138 commentario
1037 3059 1123 3118 docte
1144 3065 1175 3118 et
1196 3059 1313 3136 copiose

165 3162 302 3237 exposita
324 3161 444 3236 legisset
467 3160 547 3218 houd
570 3161 672 3238 paucis
695 3160 766 3220 locis
781 3162 906 3219 orationi
926 3160 1120 3236 interpolasse
1141 3159 1313 3220 statuatur?

164 3264 214 3321 An
236 3281 305 3320 casu
327 3261 435 3320 adcidit
468 3267 503 3320 ut
534 3262 564 3319 in
591 3261 656 3320 Tali
686 3261 785 3319 fabule
807 3260 983 3339 Sophocleac
1013 3261 1185 3337 tragoediae
1199 3268 1245 3338 ‚et
1275 3262 1312 3322 ab

163 3362 348 3440 Apollodoro
380 3355 409 3438 [l
430 3363 459 3432 9,
473 3364 522 3437 26,
535 3357 601 3439 3]⁴)
634 3364 759 3440 vestigia
788 3363 956 3438 legerentur
983 3367 1014 3421 et
1039 3364 1069 3420 in
1100 3362 1192 3423 schol.
1214 3363 1311 3441 Apoll.

163 3503 366 3512 ᾖ..

270 3584 297 3655 1)
314 3584 428 3639 Robert.
447 3583 465 3637 l.
484 3602 507 3639 c.
526 3603 553 3653 p.
567 3587 654 3653 eosq.

268 3673 296 3744 2)
316 3673 355 3727 ef.
376 3672 563 3727 bibliothecae
576 3673 661 3728 verba
681 3672 706 3742 [l
718 3674 744 3741 9,
754 3673 796 3739 26,
810 3673 836 3742 3]
852 3673 947 3726 τοῦτον
966 3677 993 3726 oi
1010 3672 1066 3745 μὲν
1080 3673 1128 3726 τοῦ
1142 3674 1248 3743 χαλκοῦ
1266 3677 1310 3743 γί-

163 3781 228 3822 νοιις
247 3762 313 3816 εἶναι
335 3765 462 3832 λέγουσιν
480 3767 508 3816 et
525 3761 609 3831 paulo
629 3761 701 3816 infru
725 3764 743 3814 4
766 3763 945 3828 ἐξαπατηθεὶς
969 3762 1001 3815 δὲ
1024 3758 1078 3816 ὑπὸ
1099 3761 1226 3827 Μηδείας
1245 3759 1312 3817 δπί·

162 3857 253 3906 θανεν
282 3848 318 3909 ὡς
347 3851 403 3918 μὲν
434 3851 501 3904 ἔνιοι
528 3853 638 3921 λέγουσι
666 3848 712 3902 διὰ
738 3845 901 3922 φαρμάκωνι
921 3856 1026 3922 μανίαν
1047 3847 1120 3920 αὐτῷ
1139 3846 1312 3922 ἐμβαλούσης

161 3957 226 3994 cum
245 3940 338 4008 Apoll.
358 3940 413 3993 llll
435 3941 502 4006 1641
515 3957 555 4008 sq.
575 3943 603 3992 et
624 3940 691 3993 1669
703 3957 756 4009 sq.:
801 3975 805 3981 -
898 3999 900 4006 ¹

366 4059 479 4084 .....
477 4035 492 4079 9
494 4032 579 4098 εμίνη
598 4028 630 4081 δὲ
649 4027 735 4082 κακὸν
753 4021 820 4082 νόον
838 4028 1041 4099 ἐχθοδοποῖσιν

321 4139 326 4147 ·
365 4112 474 4189 ὄμμασι
494 4121 633 4188 χαλκείοιο
655 4113 734 4172 Τάλω
753 4119 888 4189 ἐμέγηρεν
905 4113 1030 4182 ὀπωπάς,

365 4208 511 4275 λευγαλέοι·
530 4207 554 4258 δ’
574 4207 624 4259 ἐπί
640 4209 666 4258 οἱ
686 4213 766 4277 πρῖεν
779 4200 874 4278 χόλον,
893 4207 924 4260 ix
941 4207 967 4259 d'
986 4203 1084 4273 ἀίδηλα

365 4296 476 4362 δείκηλα
498 4295 643 4364 προΐαλλεν
660 4292 827 4366 ἒπιζαφελόν
845 4298 985 4349 κοτέουσα.

266 4382 295 4452 3)
313 4382 372 4439 Ηοο
388 4384 470 4438 cleris
488 4385 580 4440 vorbis
600 4383 674 4454 apud
682 4378 863 4453 Apollonium
874 4401 1010 4454 nusquam
1019 4384 1123 4439 dicitur
1135 4383 1172 4438 cf.
1183 4383 1258 4438 1857
1269 4400 1309 4453 sq.

265 4473 294 4542 4)
313 4472 351 4526 Cf.
373 4473 440 4527 haec
458 4474 543 4527 verbe
561 4477 587 4526 oi
607 4473 639 4526 δὲ
659 4471 712 4527 ὑπὸ
729 4471 882 4544 ’Πραίσιοι
900 4478 995 4530 Μίνωι
1014 4473 1131 4539 δοθῆναι
1149 4490 1211 4526 cum
1223 4472 1309 4530 schol.
