2958 4786
707 253 723 307 3

141 455 244 496 omnes
270 439 330 494 tres
352 434 409 492 1οοὶ
433 435 484 492 uni
506 433 619 492 auctori
644 431 838 518 vindicantur.
881 430 1038 490 Adeedunt
1057 431 1124 492 alia.
1167 429 1292 492 Scholiis

140 537 241 615 Apoll.
263 534 482 594 11289.1168
505 533 658 592 Herculem
686 533 776 592 variis
798 532 835 591 de
860 535 955 593 causis
979 531 1026 592 vel
1052 533 1290 610 Argonautarum

138 637 324 714 expeditioni
344 655 402 696 non
425 635 594 694 interfuisse
609 635 655 693 vel
666 635 696 692 in
718 634 833 711 itinere,
855 653 919 693 oum
943 633 979 693 de
1001 653 1076 694 nave
1098 634 1288 712 discessisset,

138 758 159 794 a
180 738 267 796 sociis
299 736 437 796 inlitora
469 736 602 794 relictum
635 754 698 794 esse
720 735 819 794 mullis
847 734 1017 794 auctoribus
1039 735 1179 795 adhibitis
1200 717 1290 814 exposs

138 839 232 896 nitar.
260 837 308 896 Ex
329 839 364 896 iis
383 835 473 896 schol.
496 835 578 895 Pind.
602 835 692 913 Pyth.
715 836 850 896 1111303
872 837 990 896 fabulae
1012 835 1156 894 Hesiodea
1177 841 1208 895 et
1229 836 1289 894 An·

138 939 287 997 timachea
307 939 441 1009 redeunt,
473 943 562 1014 atque
594 939 689 1014 ipsum
724 937 843 997 Hesiodi
871 959 974 998 nomen
996 937 1063 997 olim
1086 937 1127 995 ibi
1149 937 1290 1016 scriptum

139 1059 204 1098 essa
221 1039 339 1099 videtur
362 1041 430 1116 quia
452 1039 606 1098 Herculem
630 1039 759 1116 aquandi
780 1059 869 1098 eausa
890 1041 955 1098 navi
969 1057 1119 1114 egressum
1144 1059 1207 1099 esse
1231 1057 1289 1097 non

139 1141 286 1200 Pindarus
313 1142 364 1200 sed
384 1141 532 1200 Hesiodus
551 1146 652 1200 narrat
674 1146 704 1199 et
725 1142 833 1200 veteris
855 1146 959 1218 poetae
981 1159 1088 1199 nomen
1112 1140 1195 1199 deest
1210 1139 1290 1216 quod

139 1241 198 1313 τοῖς
218 1235 364 1319 νεωτέροις
397 1243 574 1321 obponatur.
617 1241 719 1300 Addas
755 1245 872 1319 poetam
894 1240 1108 1318 Colophonium
1140 1241 1227 1300 etiam
1259 1242 1289 1300 in

139 1343 259 1402 scholiis
281 1344 377 1422 Apoll.
391 1343 434 1401 llI
450 1345 509 1402 409
532 1349 562 1402 et
583 1342 772 1418 Pind.Pyth.
791 1341 934 1415 1111398,
954 1361 1029 1419 quae
1052 1363 1143 1421 supra
1167 1362 1288 1402 comme·

138 1448 260 1516 moravi,
295 1444 423 1504 eiusdem
456 1446 498 1504 rei
533 1443 648 1522 (agitur
676 1445 712 1503 de
746 1445 856 1503 Aeetae
886 1442 996 1520 tauris)
1030 1451 1178 1504 auctorem
1208 1443 1289 1504 ferri.

140 1547 233 1623 Atqui
254 1545 385 1606 fabulam
408 1547 581 1606 Hesiodeam
605 1545 749 1605 Diodorus
778 1547 866 1624 paulo
888 1551 957 1624 post
979 1566 1066 1624 quam
1092 1567 1126 1605 ex
1148 1546 1289 1623 Dionysio

140 1648 320 1724 Mytilenaeo
334 1649 488 1708 Herculem
512 1651 750 1726 Argonautarum
776 1649 878 1708 ducem
900 1649 990 1708 fuisse
1011 1651 1147 1708 narravit
1158 1643 1189 1723 ¹),
1205 1646 1289 1706 addit

139 1743 173 1822 [l.
186 1769 209 1807 c.
223 1769 247 1806 ο.
260 1749 311 1818 44,
324 1743 373 1825 5];
400 1742 506 1825 ὁμοίως
529 1745 559 1808 δὲ
581 1747 630 1806 καί
650 1745 699 1806 τὸν
717 1743 865 1827 Ἡρακλέα
886 1745 957 1820 τινὲς
977 1737 1200 1828 παραδεδώκασι
1220 1745 1290 1826 πρὸς

137 1843 257 1926 ὑδρείαν
278 1845 435 1920 ἐξελθόντα
464 1848 537 1909 κατὰ
567 1847 621 1928 τὴν
640 1846 745 1909 Ἀσίαν
774 1843 832 1909 dud
863 1853 919 1908 τῶν
936 1847 1140 1929 Ἀργοναυτῶν
1168 1845 1216 1909 ε’πί
1237 1852 1289 1927 τῆς

78 1995 81 2002 .
134 1944 237 2028 χώρας
257 1947 477 2030 ἀπολειφθῆναι
491 1947 528 2030 ²).
559 1952 691 2029 Denique
714 1953 903 2011 conferantur
918 1971 994 2029 quae
1009 1951 1128 2010 exhibet
1142 1949 1287 2010 Diodorus

139 2072 165 2110 c.
181 2053 232 2123 47,
248 2056 282 2111 4:
305 2049 474 2111 διαπλεῦσαι
496 2049 553 2131 γὰρ
574 2047 665 2110 αῦτόν
686 2071 775 2130 φασιν
794 2045 896 2127 οἱμὲν
917 2048 965 2110 ἐπί
987 2047 1055 2124 νεὼς
1076 2049 1226 2130 προτομὴν
1240 2047 1288 2110 ἐπί

137 2155 189 2230 τῆς
209 2149 325 2237 πρῴρας
346 2147 464 2232 ἐχούσης
483 2157 565 2232 κριοῦ
586 2151 636 2212 καί
650 2149 704 2230 τὴν
717 2147 821 2230 Ἕλλην
841 2148 1044 2232 δυσφοροῦσαν
1064 2149 1114 2212 ε’πί
1134 2157 1167 2236 τῇ
1186 2146 1287 2232 ναυτίᾳ

138 2252 189 2312 καλ
217 2250 265 2312 διὰ
286 2257 367 2313 τοῦτο
390 2250 438 2313 ἐπὶ
455 2258 505 2313 τοῦ
533 2251 627 2333 τοίχου
653 2257 705 2333 τῆς
726 2250 794 2324 νεὼς
815 2247 1011 2312 ἐκκύπτουσαν
1032 2250 1075 2324 εἰς
1101 2249 1156 2331 τὴν
1177 2248 1286 2311 θάλατ-

137 2375 191 2412 ταν
224 2359 390 2432 προπεσεῖν·
422 2349 491 2414 ἔνιοι
522 2349 555 2414 δέ
585 2374 657 2436 φασι
690 2356 748 2414 κτλ.
772 2384 811 2396 -
838 2357 972 2433 sequitur
997 2356 1097 2435 inepta
1124 2355 1287 2434 paedagogi

139 2453 238 2532 Κριοῦ
263 2457 417 2517 historiola
447 2479 462 2515 e
484 2457 625 2536 Dionysio
643 2465 760 2538 sumpta
769 2454 793 2534 ³)
819 2490 854 2500 -
880 2478 945 2517 oum
968 2457 1058 2518 schol.
1071 2458 1167 2536 Apoll.
1184 2458 1285 2518 1256:

139 2550 210 2639 ἡδὲ
234 2550 344 2637 ἱστορία
376 2560 465 2618 κεῖται
497 2557 578 2635 παρὰ
606 2555 747 2642 Ἑκαταίῳ
778 2553 818 2617 ὅτι
841 2553 856 2618 ὁ
876 2554 953 2636 κριὸς
981 2553 1126 2636 ἐλάλησεν.
1161 2551 1231 2617 ἔνιοι
1255 2551 1288 2616 δέ

140 2676 230 2735 φασιν
260 2655 346 2718 αὐτὸν
376 2656 425 2719 ἐπί
450 2655 631 2745 κριοπρρίρου
659 2656 787 2739 σκάφους
806 2659 935 2718 πλεῦσαι.
958 2654 1110 2730 Διονύσιος
1131 2654 1162 2718 δὲ
1183 2657 1285 2734 aelst).

140 2851 339 2860 μ-ι--Ψ-

142 2965 309 3020 scholiorum
334 2963 457 3020 editione
484 2963 609 3034 principe
633 2964 701 3018 ναῦν
717 2958 827 3034 μακράν
844 2966 978 3034 scriptum
999 2966 1049 3018 est.
1086 2964 1166 3019 Prior
1187 2964 1286 3020 scholii

139 3071 204 3123 pars
224 3059 361 3124 conrupta
380 3058 430 3108 est.
470 3051 632 3122 Apollonius
652 3054 725 3106 enim
746 3052 893 3121 veriloquii
911 3053 1080 3107 mentionem
1098 3053 1210 3106 omnino
1229 3069 1285 3108 non

139 3143 214 3211 feeit,
243 3142 291 3196 sed
317 3142 368 3196 hae
396 3142 430 3196 de
459 3159 541 3195 eausa
562 3140 735 3209 Pherecydes
768 3144 946 3208 comparatur
975 3140 1049 3210 quod
1077 3141 1148 3194 alter
1177 3142 1284 3210 Argum

141 3235 362 3286 constructorem
390 3231 550 3290 Amatoris,
577 3229 649 3284 alter
676 3229 772 3282 Phrixi
798 3227 885 3282 filium
914 3226 987 3281 dixit
1014 3227 1059 3297 [ef.
1083 3228 1214 3297 Apollod.
1233 3231 1284 3291 Ι9,

142 3321 183 3389 16,
196 3319 234 3390 6],
261 3335 348 3389 neque
366 3319 521 3388 veriloquio
545 3319 579 3373 ab
599 3319 675 3388 Argo
695 3321 887 3373 constructore
908 3317 1054 3386 desumpto
1074 3317 1149 3371 aliud
1168 3323 1285 3372 stemma

141 3409 220 3478 Argi,
241 3408 288 3462 sed
307 3408 491 3476 veriloquium
505 3408 539 3462 ab
558 3408 612 3461 alio
631 3407 717 3462 verbo
728 3405 884 3463 derivatum
897 3406 1092 3476 obponcndum
1111 3412 1180 3462 erat.
1199 3407 1285 3462 Binao

139 3515 182 3552 rea
200 3497 274 3551 inter
292 3514 321 3550 ae
339 3515 373 3551 ex
391 3497 501 3552 diversa
523 3497 631 3552 ratione
650 3495 717 3550 olim
736 3496 883 3566 obpositae
901 3500 999 3565 postea
1018 3496 1149 3551 confusae
1169 3513 1226 3551 esse
1245 3497 1299 3554 via

140 3586 250 3640 dentur.
287 3584 367 3639 Unde
396 3586 578 3655 veriloquium
605 3586 639 3639 ab
663 3583 832 3654 Etymologo
859 3584 896 3654 [p.
914 3586 973 3653 136,
987 3583 1033 3654 31]
1059 3589 1089 3639 et
1108 3583 1209 3638 Taetza
1236 3584 1284 3654 [ad

138 3672 262 3742 Lycoph.
276 3674 338 3742 883]
356 3679 496 3728 servatum
512 3674 635 3742 fluxerit,
653 3690 697 3727 me
710 3689 824 3742 prorsus
836 3673 944 3728 nescire
959 3673 1079 3742 ingenue
1098 3673 1200 3734 fateor:
1221 3689 1284 3728 con·

139 3762 245 3816 feratur
263 3763 287 3814 si
305 3761 400 3831 placet
418 3762 502 3817 schol.
521 3783 543 3834 μ
562 3765 605 3817 70.

240 3851 267 3920 1)
286 3849 326 3905 Ci.
339 3868 362 3906 c.
373 3853 417 3921 41,
434 3853 458 3905 3.
477 3851 641 3921 Apollodor.
661 3851 712 3918 Ι9,
727 3853 767 3921 19,
779 3853 805 3904 4.
824 3850 909 3906 schol.
928 3849 1020 3919 Apoll.
1040 3849 1134 3903 11289
1153 3849 1239 3919 [FHG
1259 3850 1283 3904 ll

139 3942 194 4010 p.7
215 3939 249 3993 fr.
262 3939 299 4010 1].

236 4027 264 4098 2)
284 4027 365 4096 Quod
389 4031 418 4082 et
435 4029 575 4084 Diodorus
600 4034 627 4084 ot
646 4028 761 4083 Pindari
785 4027 937 4082 scholiasta
961 4045 1012 4098 pro
1037 4026 1180 4098 Magnesia
1199 4027 1283 4081 Thes·

139 4117 221 4172 saliae
240 4116 384 4187 vulgarem
395 4117 515 4172 fabulam
530 4119 617 4172 secuti
632 4117 748 4187 Mysiam
766 4120 960 4187 reposuerunt,
979 4115 1049 4169 nihil
1060 4115 1152 4170 valere
1163 4115 1283 4169 videtur.

238 4207 265 4273 3)
288 4204 328 4259 Gi.
341 4205 435 4259 scholi.
447 4205 538 4273 Apoll.
558 4205 642 4259 1256.
652 4206 677 4259 Il
690 4207 768 4259 1144.
788 4204 843 4258 1111
856 4205 915 4258 119.
930 4205 981 4259 177
1001 4202 1086 4273 [FHG
1099 4203 1124 4256 11
1135 4222 1161 4271 p.
1172 4205 1188 4255 8
1200 4202 1234 4254 lr.
1246 4201 1282 4272 5].

237 4293 264 4362 4)
283 4292 404 4347 Eaedem
424 4295 577 4348 sententiae
596 4297 678 4363 atque
697 4293 784 4346 altere
809 4292 922 4361 quidem
941 4290 1105 4360 Palaephati
1124 4289 1284 4342 testimonio

141 4383 248 4436 munita
267 4381 342 4450 apud
352 4381 502 4437 Eusebium
524 4383 595 4452 [can.
608 4383 661 4438 634
680 4398 707 4450 p.
719 4381 836 4452 aeson]
855 4381 971 4435 interae
989 4380 1177 4448 obponuntur‚
1189 4380 1284 4429 tamen

139 4471 171 4526 de
187 4469 355 4538 Palaephatc
374 4488 473 4539 parum
491 4475 601 4525 constat
620 4473 652 4522 ut
671 4467 775 4538 aliquid
793 4468 863 4523 certi
882 4485 916 4521 ex
935 4468 995 4522 eins
1014 4464 1154 4520 mentione
1173 4462 1283 4518 conclu·
