<?xml version="1.0" encoding="UTF-8"?>
<!DOCTYPE html PUBLIC "-//W3C//DTD XHTML 1.0 Transitional//EN"
    "http://www.w3.org/TR/xhtml1/DTD/xhtml1-transitional.dtd">
<html xmlns="http://www.w3.org/1999/xhtml" xml:lang="en" lang="en">
 <head>
  <title>
</title>
<meta http-equiv="Content-Type" content="text/html;charset=utf-8" />
  <meta name='ocr-system' content='tesseract 3.04.00' />
  <meta name='ocr-capabilities' content='ocr_page ocr_carea ocr_par ocr_line ocrx_word'/>
</head>
<body>
  <div class='ocr_page' id='page_1' title='image "./dedionysioscyto00schwgoog_0013.png"; bbox 0 0 2958 4786; ppageno 0'>
   <div class='ocr_carea' id='block_1_1' title="bbox 743 185 760 236">
    <p class='ocr_par' dir='ltr' id='par_1_1' title="bbox 743 185 760 236">
     <span class='ocr_line' id='line_1_1' title="bbox 743 185 760 236; baseline 0 0"><span class='ocrx_word' id='word_1_1' title='bbox 743 185 760 236; x_wconf 80' lang='lat'><strong>6</strong></span> 
     </span>
    </p>
   </div>
   <div class='ocr_carea' id='block_1_2' title="bbox 174 355 1334 3622">
    <p class='ocr_par' dir='ltr' id='par_1_2' title="bbox 174 355 1334 3622">
     <span class='ocr_line' id='line_1_2' title="bbox 176 355 1334 444; baseline 0.002 -24"><span class='ocrx_word' id='word_1_2' title='bbox 176 359 274 422; x_wconf 84' lang='grc' dir='ltr'><strong><em>κάλλει</em></strong></span> <span class='ocrx_word' id='word_1_3' title='bbox 295 358 443 443; x_wconf 80' lang='grc' dir='ltr'><strong><em>διαφέρειν</em></strong></span> <span class='ocrx_word' id='word_1_4' title='bbox 464 357 566 440; x_wconf 79' lang='grc' dir='ltr'><strong><em>αὐτήν,</em></strong></span> <span class='ocrx_word' id='word_1_5' title='bbox 587 357 662 420; x_wconf 86' lang='grc' dir='ltr'><strong><em>ἀλλά</em></strong></span> <span class='ocrx_word' id='word_1_6' title='bbox 682 359 732 420; x_wconf 86' lang='grc' dir='ltr'><strong><em>καί</em></strong></span> <span class='ocrx_word' id='word_1_7' title='bbox 747 355 918 444; x_wconf 78' lang='grc' dir='ltr'><strong><em>σωφροσύνη</em></strong></span> <span class='ocrx_word' id='word_1_8' title='bbox 937 361 986 420; x_wconf 83' lang='grc' dir='ltr'><strong><em>καί</em></strong></span> <span class='ocrx_word' id='word_1_9' title='bbox 1008 365 1069 432; x_wconf 84' lang='grc' dir='ltr'><strong><em>ταῖς</em></strong></span> <span class='ocrx_word' id='word_1_10' title='bbox 1089 359 1188 434; x_wconf 82' lang='grc' dir='ltr'><strong><em>ἄλλοις</em></strong></span> <span class='ocrx_word' id='word_1_11' title='bbox 1209 359 1334 442; x_wconf 78' lang='grc' dir='ltr'><strong><em>ἀρεταῖς</em></strong></span> 
     </span>
     <span class='ocr_line' id='line_1_3' title="bbox 175 458 1333 542; baseline 0 -20"><span class='ocrx_word' id='word_1_12' title='bbox 175 465 379 542; x_wconf 83' lang='grc' dir='ltr'><strong><em>κεκοσμῆσθαι</em></strong></span> <span class='ocrx_word' id='word_1_13' title='bbox 400 484 494 542; x_wconf 88' lang='lat' dir='ltr'><strong>neque</strong></span> <span class='ocrx_word' id='word_1_14' title='bbox 513 465 609 522; x_wconf 81' lang='lat' dir='ltr'><strong>minua</strong></span> <span class='ocrx_word' id='word_1_15' title='bbox 630 483 707 540; x_wconf 87' lang='lat' dir='ltr'><strong>quae</strong></span> <span class='ocrx_word' id='word_1_16' title='bbox 726 463 803 522; x_wconf 80' lang='lat' dir='ltr'><strong>infra</strong></span> <span class='ocrx_word' id='word_1_17' title='bbox 817 463 968 538; x_wconf 80' lang='lat' dir='ltr'><strong>leguntur:</strong></span> <span class='ocrx_word' id='word_1_18' title='bbox 992 458 1207 542; x_wconf 66' lang='grc' dir='ltr'><strong><em>ἀγανακτούσης</em></strong></span> <span class='ocrx_word' id='word_1_19' title='bbox 1227 460 1259 524; x_wconf 86' lang='grc' dir='ltr'><strong><em>δὲ</em></strong></span> <span class='ocrx_word' id='word_1_20' title='bbox 1273 467 1333 542; x_wconf 87' lang='grc' dir='ltr'><strong><em>τῆς</em></strong></span> 
     </span>
     <span class='ocr_line' id='line_1_4' title="bbox 176 551 1331 643; baseline 0 -21"><span class='ocrx_word' id='word_1_21' title='bbox 176 561 311 643; x_wconf 87' lang='grc' dir='ltr'><strong><em>γυναικὸς</em></strong></span> <span class='ocrx_word' id='word_1_22' title='bbox 331 563 381 624; x_wconf 87' lang='grc' dir='ltr'><strong><em>καί</em></strong></span> <span class='ocrx_word' id='word_1_23' title='bbox 404 560 492 636; x_wconf 80' lang='grc' dir='ltr'><strong><em>θεοὺς</em></strong></span> <span class='ocrx_word' id='word_1_24' title='bbox 510 557 729 642; x_wconf 77' lang='grc' dir='ltr'><strong><em>μαρτυρομένης</em></strong></span> <span class='ocrx_word' id='word_1_25' title='bbox 749 558 815 634; x_wconf 79' lang='grc' dir='ltr'><strong><em>τοίς</em></strong></span> <span class='ocrx_word' id='word_1_26' title='bbox 837 551 965 634; x_wconf 77' lang='grc' dir='ltr'><strong><em>ἐπόπτας</em></strong></span> <span class='ocrx_word' id='word_1_27' title='bbox 978 557 1148 641; x_wconf 89' lang='grc' dir='ltr'><strong><em>γενομένους</em></strong></span> <span class='ocrx_word' id='word_1_28' title='bbox 1160 567 1217 622; x_wconf 87' lang='grc' dir='ltr'><strong><em>τῶν</em></strong></span> <span class='ocrx_word' id='word_1_29' title='bbox 1231 557 1331 642; x_wconf 84' lang='grc' dir='ltr'><strong><em>ὅρκων</em></strong></span> 
     </span>
     <span class='ocr_line' id='line_1_5' title="bbox 176 659 1326 742; baseline -0.003 -16"><span class='ocrx_word' id='word_1_30' title='bbox 176 666 310 726; x_wconf 83' lang='lat' dir='ltr'><strong>Medeam</strong></span> <span class='ocrx_word' id='word_1_31' title='bbox 331 666 480 726; x_wconf 79' lang='lat' dir='ltr'><strong>Themidis</strong></span> <span class='ocrx_word' id='word_1_32' title='bbox 501 665 579 726; x_wconf 80' lang='lat' dir='ltr'><strong>Iovis</strong></span> <span class='ocrx_word' id='word_1_33' title='bbox 599 665 713 726; x_wconf 86' lang='lat' dir='ltr'><strong>Dianae</strong></span> <span class='ocrx_word' id='word_1_34' title='bbox 742 668 862 724; x_wconf 87' lang='lat' dir='ltr'><strong>numina</strong></span> <span class='ocrx_word' id='word_1_35' title='bbox 891 670 1049 724; x_wconf 74' lang='lat' dir='ltr'><strong>testantem</strong></span> <span class='ocrx_word' id='word_1_36' title='bbox 1071 660 1123 742; x_wconf 84' lang='lat' dir='ltr'><strong>[cs.</strong></span> <span class='ocrx_word' id='word_1_37' title='bbox 1134 659 1175 727; x_wconf 72' lang='grc' dir='ltr'><strong><em>νέ.</em></strong></span> <span class='ocrx_word' id='word_1_38' title='bbox 1190 668 1249 728; x_wconf 86' lang='grc'><strong><em>160</em></strong></span> <span class='ocrx_word' id='word_1_39' title='bbox 1262 666 1326 742; x_wconf 84' lang='lat' dir='ltr'><strong>sq.]</strong></span> 
     </span>
     <span class='ocr_line' id='line_1_6' title="bbox 176 761 1120 844; baseline -0.001 -18"><span class='ocrx_word' id='word_1_40' title='bbox 176 767 221 826; x_wconf 86' lang='lat' dir='ltr'><strong><em>vel</em></strong></span> <span class='ocrx_word' id='word_1_41' title='bbox 243 765 296 825; x_wconf 83' lang='lat' dir='ltr'><strong><em>hee</em></strong></span> <span class='ocrx_word' id='word_1_42' title='bbox 319 767 434 844; x_wconf 79' lang='lat' dir='ltr'>prologi</span> <span class='ocrx_word' id='word_1_43' title='bbox 456 788 556 828; x_wconf 77' lang='lat' dir='ltr'><strong>versus</strong></span> <span class='ocrx_word' id='word_1_44' title='bbox 579 770 609 826; x_wconf 92' lang='lat' dir='ltr'><strong><em>in</em></strong></span> <span class='ocrx_word' id='word_1_45' title='bbox 632 769 799 828; x_wconf 86' lang='lat' dir='ltr'><strong>memoriam</strong></span> <span class='ocrx_word' id='word_1_46' title='bbox 821 771 962 826; x_wconf 83' lang='lat' dir='ltr'><strong>revocant</strong></span> <span class='ocrx_word' id='word_1_47' title='bbox 983 767 1035 838; x_wconf 86' lang='lat'><strong><em>[20</em></strong></span> <span class='ocrx_word' id='word_1_48' title='bbox 1051 761 1120 844; x_wconf 85' lang='lat' dir='ltr'><strong>sq.]:</strong></span> 
     </span>
     <span class='ocr_line' id='line_1_7' title="bbox 416 875 993 964; baseline 0.002 -21"><span class='ocrx_word' id='word_1_49' title='bbox 416 879 543 963; x_wconf 81' lang='grc' dir='ltr'><strong><em>Μήδεια</em></strong></span> <span class='ocrx_word' id='word_1_50' title='bbox 564 881 591 944; x_wconf 88' lang='grc' dir='ltr'><strong><em>δ’</em></strong></span> <span class='ocrx_word' id='word_1_51' title='bbox 615 875 636 963; x_wconf 77' lang='grc' dir='ltr'><em>ἦ</em></span> <span class='ocrx_word' id='word_1_52' title='bbox 657 879 792 964; x_wconf 76' lang='grc' dir='ltr'><strong><em>δύστηνος</em></strong></span> <span class='ocrx_word' id='word_1_53' title='bbox 814 877 993 962; x_wconf 72' lang='grc' dir='ltr'><strong><em>ἠτιμασμένη</em></strong></span> 
     </span>
     <span class='ocr_line' id='line_1_8' title="bbox 416 980 997 1071; baseline -0.002 -26"><span class='ocrx_word' id='word_1_54' title='bbox 416 986 475 1071; x_wconf 78' lang='grc' dir='ltr'><strong><em>βοᾷ</em></strong></span> <span class='ocrx_word' id='word_1_55' title='bbox 495 981 551 1063; x_wconf 82' lang='grc' dir='ltr'><strong><em>μέν</em></strong></span> <span class='ocrx_word' id='word_1_56' title='bbox 573 980 682 1065; x_wconf 83' lang='grc' dir='ltr'><strong><em>ίίρκους,</em></strong></span> <span class='ocrx_word' id='word_1_57' title='bbox 704 983 844 1046; x_wconf 88' lang='grc' dir='ltr'><strong><em>ἀνακαλεῖ</em></strong></span> <span class='ocrx_word' id='word_1_58' title='bbox 857 982 888 1046; x_wconf 93' lang='grc' dir='ltr'><strong><em>δε</em></strong></span> <span class='ocrx_word' id='word_1_59' title='bbox 906 982 997 1058; x_wconf 76' lang='grc' dir='ltr'><strong><em>δεξιᾶς</em></strong></span> 
     </span>
     <span class='ocr_line' id='line_1_9' title="bbox 418 1076 1042 1168; baseline 0.002 -23"><span class='ocrx_word' id='word_1_60' title='bbox 418 1083 512 1148; x_wconf 87' lang='grc' dir='ltr'><strong><em>πίσαν</em></strong></span> <span class='ocrx_word' id='word_1_61' title='bbox 530 1084 665 1168; x_wconf 75' lang='grc' dir='ltr'><strong><em>μεγίστην</em></strong></span> <span class='ocrx_word' id='word_1_62' title='bbox 686 1087 735 1148; x_wconf 86' lang='grc' dir='ltr'><strong><em>καί</em></strong></span> <span class='ocrx_word' id='word_1_63' title='bbox 758 1084 847 1160; x_wconf 75' lang='grc' dir='ltr'><strong><em>θεοὺς</em></strong></span> <span class='ocrx_word' id='word_1_64' title='bbox 865 1076 1042 1167; x_wconf 74' lang='grc' dir='ltr'><strong><em>μαρτύρεται</em></strong></span> 
     </span>
     <span class='ocr_line' id='line_1_10' title="bbox 418 1184 927 1270; baseline -0.006 -20"><span class='ocrx_word' id='word_1_65' title='bbox 418 1186 482 1262; x_wconf 87' lang='grc' dir='ltr'><strong><em>οίας</em></strong></span> <span class='ocrx_word' id='word_1_66' title='bbox 502 1187 628 1270; x_wconf 76' lang='grc' dir='ltr'><strong><em>ἀμοιβῆς</em></strong></span> <span class='ocrx_word' id='word_1_67' title='bbox 648 1187 678 1262; x_wconf 83' lang='grc' dir='ltr'><strong><em>ἐξ</em></strong></span> <span class='ocrx_word' id='word_1_68' title='bbox 695 1184 820 1261; x_wconf 80' lang='grc' dir='ltr'><strong><em>Ἰάσονος</em></strong></span> <span class='ocrx_word' id='word_1_69' title='bbox 839 1193 927 1269; x_wconf 88' lang='grc' dir='ltr'><strong><em>κυρεῖ.</em></strong></span> 
     </span>
     <span class='ocr_line' id='line_1_11' title="bbox 176 1314 1328 1396; baseline -0.004 -22"><span class='ocrx_word' id='word_1_70' title='bbox 176 1316 232 1374; x_wconf 87' lang='lat' dir='ltr'><strong><em>Sed</em></strong></span> <span class='ocrx_word' id='word_1_71' title='bbox 254 1316 291 1376; x_wconf 91' lang='lat' dir='ltr'><strong><em>ad</em></strong></span> <span class='ocrx_word' id='word_1_72' title='bbox 318 1318 439 1377; x_wconf 87' lang='lat' dir='ltr'><strong>eundem</strong></span> <span class='ocrx_word' id='word_1_73' title='bbox 461 1319 632 1396; x_wconf 86' lang='lat' dir='ltr'><strong>Euripidem</strong></span> <span class='ocrx_word' id='word_1_74' title='bbox 661 1318 815 1378; x_wconf 85' lang='lat' dir='ltr'><strong>referenda</strong></span> <span class='ocrx_word' id='word_1_75' title='bbox 836 1323 882 1376; x_wconf 79' lang='lat' dir='ltr'><strong><em>eat</em></strong></span> <span class='ocrx_word' id='word_1_76' title='bbox 904 1338 979 1395; x_wconf 87' lang='lat' dir='ltr'><strong>qnae</strong></span> <span class='ocrx_word' id='word_1_77' title='bbox 1000 1316 1057 1376; x_wconf 85' lang='lat' dir='ltr'><strong>alio</strong></span> <span class='ocrx_word' id='word_1_78' title='bbox 1080 1317 1143 1374; x_wconf 91' lang='lat' dir='ltr'><strong>loco</strong></span> <span class='ocrx_word' id='word_1_79' title='bbox 1166 1314 1328 1374; x_wconf 77' lang='lat' dir='ltr'><strong>adnotatur</strong></span> 
     </span>
     <span class='ocr_line' id='line_1_12' title="bbox 175 1407 1328 1498; baseline -0.005 -23"><span class='ocrx_word' id='word_1_80' title='bbox 175 1417 374 1496; x_wconf 76' lang='lat' dir='ltr'><strong>discrepantia</strong></span> <span class='ocrx_word' id='word_1_81' title='bbox 397 1415 437 1497; x_wconf 91' lang='lat' dir='ltr'><strong><em>[c.</em></strong></span> <span class='ocrx_word' id='word_1_82' title='bbox 449 1419 498 1490; x_wconf 81' lang='lat'><strong><em>54,</em></strong></span> <span class='ocrx_word' id='word_1_83' title='bbox 510 1415 557 1498; x_wconf 86' lang='lat'><strong><em>6]:</em></strong></span> <span class='ocrx_word' id='word_1_84' title='bbox 581 1415 652 1490; x_wconf 82' lang='grc' dir='ltr'><strong><em>τινές</em></strong></span> <span class='ocrx_word' id='word_1_85' title='bbox 676 1415 707 1479; x_wconf 81' lang='grc' dir='ltr'><strong><em>δὲ</em></strong></span> <span class='ocrx_word' id='word_1_86' title='bbox 727 1422 782 1477; x_wconf 89' lang='grc' dir='ltr'><strong><em>τῶν</em></strong></span> <span class='ocrx_word' id='word_1_87' title='bbox 801 1413 991 1498; x_wconf 76' lang='grc' dir='ltr'><strong><em>συγγραφέων</em></strong></span> <span class='ocrx_word' id='word_1_88' title='bbox 1010 1415 1083 1496; x_wconf 88' lang='grc' dir='ltr'><strong><em>φασί</em></strong></span> <span class='ocrx_word' id='word_1_89' title='bbox 1098 1410 1162 1486; x_wconf 76' lang='grc' dir='ltr'><strong><em>τοὺς</em></strong></span> <span class='ocrx_word' id='word_1_90' title='bbox 1173 1409 1230 1490; x_wconf 81' lang='grc' dir='ltr'><strong><em>μέν</em></strong></span> <span class='ocrx_word' id='word_1_91' title='bbox 1243 1407 1328 1482; x_wconf 72' lang='lat' dir='ltr'><strong>viai-g</strong></span> 
     </span>
     <span class='ocr_line' id='line_1_13' title="bbox 176 1508 1326 1604; baseline -0.003 -28"><span class='ocrx_word' id='word_1_92' title='bbox 176 1522 226 1595; x_wconf 82' lang='grc' dir='ltr'><strong><em>τῆς</em></strong></span> <span class='ocrx_word' id='word_1_93' title='bbox 248 1514 385 1596; x_wconf 76' lang='grc' dir='ltr'><strong><em>Μηδείας</em></strong></span> <span class='ocrx_word' id='word_1_94' title='bbox 408 1516 489 1598; x_wconf 90' lang='grc' dir='ltr'><strong><em>δῶρα</em></strong></span> <span class='ocrx_word' id='word_1_95' title='bbox 515 1516 633 1597; x_wconf 90' lang='grc' dir='ltr'><strong><em>κομίσαι</em></strong></span> <span class='ocrx_word' id='word_1_96' title='bbox 655 1525 688 1604; x_wconf 73' lang='grc' dir='ltr'><strong><em>τῇ</em></strong></span> <span class='ocrx_word' id='word_1_97' title='bbox 718 1517 819 1604; x_wconf 79' lang='grc' dir='ltr'><strong><em>νύμφη</em></strong></span> <span class='ocrx_word' id='word_1_98' title='bbox 841 1509 1007 1600; x_wconf 76' lang='grc' dir='ltr'><strong><em>φαρμάκοις</em></strong></span> <span class='ocrx_word' id='word_1_99' title='bbox 1033 1511 1195 1596; x_wconf 86' lang='grc' dir='ltr'><strong><em>κεχριμένα,</em></strong></span> <span class='ocrx_word' id='word_1_100' title='bbox 1217 1510 1270 1592; x_wconf 83' lang='grc' dir='ltr'><strong><em>τὴν</em></strong></span> <span class='ocrx_word' id='word_1_101' title='bbox 1292 1508 1326 1571; x_wconf 80' lang='grc' dir='ltr'><strong><em>δὲ</em></strong></span> 
     </span>
     <span class='ocr_line' id='line_1_14' title="bbox 178 1611 1324 1708; baseline -0.002 -32"><span class='ocrx_word' id='word_1_102' title='bbox 178 1613 315 1697; x_wconf 82' lang='grc' dir='ltr'><strong><em>Γλαύκην</em></strong></span> <span class='ocrx_word' id='word_1_103' title='bbox 337 1615 494 1699; x_wconf 84' lang='grc' dir='ltr'><strong><em>δεξομένην</em></strong></span> <span class='ocrx_word' id='word_1_104' title='bbox 525 1621 575 1680; x_wconf 92' lang='grc' dir='ltr'><strong><em>καί</em></strong></span> <span class='ocrx_word' id='word_1_105' title='bbox 604 1625 644 1708; x_wconf 73' lang='grc' dir='ltr'><strong><em>τῷ</em></strong></span> <span class='ocrx_word' id='word_1_106' title='bbox 676 1612 786 1699; x_wconf 82' lang='grc' dir='ltr'><strong><em>σώματι</em></strong></span> <span class='ocrx_word' id='word_1_107' title='bbox 807 1616 998 1699; x_wconf 75' lang='grc' dir='ltr'><strong><em>περιθεμένην</em></strong></span> <span class='ocrx_word' id='word_1_108' title='bbox 1018 1615 1111 1697; x_wconf 77' lang='grc' dir='ltr'><strong><em>ου’·τήν</em></strong></span> <span class='ocrx_word' id='word_1_109' title='bbox 1134 1637 1163 1676; x_wconf 88' lang='grc' dir='ltr'><strong><em>τε</em></strong></span> <span class='ocrx_word' id='word_1_110' title='bbox 1184 1611 1324 1696; x_wconf 76' lang='grc' dir='ltr'><strong><em>συμφορᾷ</em></strong></span> 
     </span>
     <span class='ocr_line' id='line_1_15' title="bbox 175 1717 1324 1806; baseline 0 -30"><span class='ocrx_word' id='word_1_111' title='bbox 175 1722 336 1798; x_wconf 87' lang='grc' dir='ltr'><strong><em>περιπεσεῖν</em></strong></span> <span class='ocrx_word' id='word_1_112' title='bbox 354 1719 403 1780; x_wconf 89' lang='grc' dir='ltr'><strong><em>καί</em></strong></span> <span class='ocrx_word' id='word_1_113' title='bbox 424 1720 474 1782; x_wconf 87' lang='grc' dir='ltr'><strong><em>τὸν</em></strong></span> <span class='ocrx_word' id='word_1_114' title='bbox 494 1719 604 1801; x_wconf 88' lang='grc' dir='ltr'><strong><em>πατέρα</em></strong></span> <span class='ocrx_word' id='word_1_115' title='bbox 625 1725 792 1804; x_wconf 78' lang='grc' dir='ltr'><strong><em>βοηθοῦντα</em></strong></span> <span class='ocrx_word' id='word_1_116' title='bbox 815 1723 864 1783; x_wconf 90' lang='grc' dir='ltr'><strong><em>καί</em></strong></span> <span class='ocrx_word' id='word_1_117' title='bbox 886 1719 1082 1801; x_wconf 75' lang='grc' dir='ltr'><strong><em>τοῦσώματος</em></strong></span> <span class='ocrx_word' id='word_1_118' title='bbox 1102 1717 1258 1806; x_wconf 76' lang='grc' dir='ltr'><strong><em>ἁψόμενον</em></strong></span> <span class='ocrx_word' id='word_1_119' title='bbox 1279 1737 1324 1776; x_wconf 82' lang='grc' dir='ltr'><strong><em>τε·</em></strong></span> 
     </span>
     <span class='ocr_line' id='line_1_16' title="bbox 175 1820 1324 1905; baseline 0.003 -28"><span class='ocrx_word' id='word_1_120' title='bbox 175 1821 312 1898; x_wconf 81' lang='grc' dir='ltr'><strong><em>λεοτῆσαι</em></strong></span> <span class='ocrx_word' id='word_1_121' title='bbox 325 1820 357 1895; x_wconf 90' lang='grc'><strong><em>1).</em></strong></span> <span class='ocrx_word' id='word_1_122' title='bbox 401 1825 475 1884; x_wconf 76' lang='lat' dir='ltr'><strong>Alii·</strong></span> <span class='ocrx_word' id='word_1_123' title='bbox 497 1846 566 1885; x_wconf 80' lang='lat' dir='ltr'><strong>vere</strong></span> <span class='ocrx_word' id='word_1_124' title='bbox 588 1828 660 1886; x_wconf 85' lang='lat' dir='ltr'><strong>locis</strong></span> <span class='ocrx_word' id='word_1_125' title='bbox 683 1833 785 1905; x_wconf 84' lang='lat' dir='ltr'><strong>aperte</strong></span> <span class='ocrx_word' id='word_1_126' title='bbox 806 1827 835 1886; x_wconf 92' lang='lat' dir='ltr'><strong><em>id</em></strong></span> <span class='ocrx_word' id='word_1_127' title='bbox 859 1833 956 1886; x_wconf 80' lang='lat' dir='ltr'><strong>actum</strong></span> <span class='ocrx_word' id='word_1_128' title='bbox 988 1831 1033 1886; x_wconf 80' lang='lat' dir='ltr'><strong><em>est</em></strong></span> <span class='ocrx_word' id='word_1_129' title='bbox 1063 1831 1097 1885; x_wconf 83' lang='lat' dir='ltr'><strong><em>ut</em></strong></span> <span class='ocrx_word' id='word_1_130' title='bbox 1122 1841 1324 1902; x_wconf 84' lang='lat' dir='ltr'><strong>quaecumque</strong></span> 
     </span>
     <span class='ocr_line' id='line_1_17' title="bbox 176 1926 1324 2006; baseline 0.002 -26"><span class='ocrx_word' id='word_1_131' title='bbox 176 1927 304 1999; x_wconf 79' lang='lat' dir='ltr'><strong>apoeia</strong></span> <span class='ocrx_word' id='word_1_132' title='bbox 327 1945 430 2002; x_wconf 85' lang='lat' dir='ltr'><strong>parum</strong></span> <span class='ocrx_word' id='word_1_133' title='bbox 453 1932 523 2005; x_wconf 84' lang='lat' dir='ltr'><strong>apte</strong></span> <span class='ocrx_word' id='word_1_134' title='bbox 544 1929 682 1988; x_wconf 80' lang='lat' dir='ltr'><strong>instituta</strong></span> <span class='ocrx_word' id='word_1_135' title='bbox 705 1949 767 1988; x_wconf 83' lang='lat' dir='ltr'><strong>esse</strong></span> <span class='ocrx_word' id='word_1_136' title='bbox 789 1948 883 2006; x_wconf 89' lang='lat' dir='ltr'><strong>neque</strong></span> <span class='ocrx_word' id='word_1_137' title='bbox 908 1928 982 1987; x_wconf 89' lang='lat' dir='ltr'><strong>bene</strong></span> <span class='ocrx_word' id='word_1_138' title='bbox 1014 1931 1091 1986; x_wconf 75' lang='lat' dir='ltr'><strong>inter</strong></span> <span class='ocrx_word' id='word_1_139' title='bbox 1120 1947 1152 1986; x_wconf 85' lang='lat' dir='ltr'><strong><em>se</em></strong></span> <span class='ocrx_word' id='word_1_140' title='bbox 1173 1926 1324 1984; x_wconf 80' lang='lat' dir='ltr'><strong>concinere</strong></span> 
     </span>
     <span class='ocr_line' id='line_1_18' title="bbox 175 2023 1322 2106; baseline 0.001 -24"><span class='ocrx_word' id='word_1_141' title='bbox 175 2023 356 2098; x_wconf 74' lang='lat' dir='ltr'><strong>viderentur,</strong></span> <span class='ocrx_word' id='word_1_142' title='bbox 379 2029 600 2106; x_wconf 62' lang='lat' dir='ltr'><strong>configerentur</strong></span> <span class='ocrx_word' id='word_1_143' title='bbox 623 2036 652 2089; x_wconf 79' lang='lat' dir='ltr'><strong><em>et</em></strong></span> <span class='ocrx_word' id='word_1_144' title='bbox 675 2029 868 2090; x_wconf 85' lang='lat' dir='ltr'><strong>severioribus</strong></span> <span class='ocrx_word' id='word_1_145' title='bbox 893 2029 1057 2089; x_wconf 85' lang='lat' dir='ltr'><strong>rationibus</strong></span> <span class='ocrx_word' id='word_1_146' title='bbox 1087 2029 1322 2106; x_wconf 83' lang='lat' dir='ltr'><strong>disponerentur.</strong></span> 
     </span>
     <span class='ocr_line' id='line_1_19' title="bbox 176 2123 1125 2208; baseline -0.002 -20"><span class='ocrx_word' id='word_1_147' title='bbox 176 2124 210 2188; x_wconf 77' lang='lat' dir='ltr'><strong><em>Ei.</em></strong></span> <span class='ocrx_word' id='word_1_148' title='bbox 232 2145 261 2202; x_wconf 82' lang='lat' dir='ltr'><strong><em>g.</em></strong></span> <span class='ocrx_word' id='word_1_149' title='bbox 284 2147 360 2204; x_wconf 84' lang='lat' dir='ltr'><strong>quae</strong></span> <span class='ocrx_word' id='word_1_150' title='bbox 380 2128 440 2189; x_wconf 84' lang='lat' dir='ltr'><strong>illic</strong></span> <span class='ocrx_word' id='word_1_151' title='bbox 462 2151 493 2191; x_wconf 83' lang='lat' dir='ltr'><strong><em>ae</em></strong></span> <span class='ocrx_word' id='word_1_152' title='bbox 515 2133 659 2191; x_wconf 84' lang='lat' dir='ltr'><strong>facturam</strong></span> <span class='ocrx_word' id='word_1_153' title='bbox 682 2135 811 2192; x_wconf 79' lang='lat' dir='ltr'><strong>minatur</strong></span> <span class='ocrx_word' id='word_1_154' title='bbox 833 2131 938 2191; x_wconf 85' lang='lat' dir='ltr'><strong>Medea</strong></span> <span class='ocrx_word' id='word_1_155' title='bbox 962 2123 1125 2208; x_wconf 83' lang='lat' dir='ltr'><strong>[373sq.]:</strong></span> 
     </span>
     <span class='ocr_line' id='line_1_20' title="bbox 595 2226 951 2311; baseline -0.006 -21"><span class='ocrx_word' id='word_1_156' title='bbox 595 2229 675 2310; x_wconf 79' lang='grc' dir='ltr'><strong><em>τήνδ’</em></strong></span> <span class='ocrx_word' id='word_1_157' title='bbox 698 2229 814 2311; x_wconf 83' lang='grc' dir='ltr'><strong><em>ἀφῆκεν</em></strong></span> <span class='ocrx_word' id='word_1_158' title='bbox 837 2226 951 2310; x_wconf 79' lang='grc' dir='ltr'><strong><em>ἡμέραν</em></strong></span> 
     </span>
     <span class='ocr_line' id='line_1_21' title="bbox 323 2316 1127 2415; baseline 0.004 -29"><span class='ocrx_word' id='word_1_159' title='bbox 323 2326 424 2403; x_wconf 89' lang='grc' dir='ltr'><strong><em>μεῖναί</em></strong></span> <span class='ocrx_word' id='word_1_160' title='bbox 443 2328 488 2407; x_wconf 86' lang='grc' dir='ltr'><strong><em>μ’,</em></strong></span> <span class='ocrx_word' id='word_1_161' title='bbox 510 2327 542 2390; x_wconf 90' lang='grc' dir='ltr'><strong><em>ἐν</em></strong></span> <span class='ocrx_word' id='word_1_162' title='bbox 562 2316 583 2415; x_wconf 76' lang='grc' dir='ltr'><em>ᾗ</em></span> <span class='ocrx_word' id='word_1_163' title='bbox 601 2335 673 2409; x_wconf 80' lang='grc' dir='ltr'><strong><em>τρεῖς</em></strong></span> <span class='ocrx_word' id='word_1_164' title='bbox 693 2329 751 2391; x_wconf 87' lang='grc' dir='ltr'><strong><em>τῶν</em></strong></span> <span class='ocrx_word' id='word_1_165' title='bbox 772 2329 853 2408; x_wconf 85' lang='grc' dir='ltr'><strong><em>ἐμῶν</em></strong></span> <span class='ocrx_word' id='word_1_166' title='bbox 871 2329 988 2410; x_wconf 85' lang='grc' dir='ltr'><strong><em>ἐχθρῶν</em></strong></span> <span class='ocrx_word' id='word_1_167' title='bbox 1011 2326 1127 2409; x_wconf 80' lang='grc' dir='ltr'><strong><em>νεκροὺς</em></strong></span> 
     </span>
     <span class='ocr_line' id='line_1_22' title="bbox 325 2419 1029 2511; baseline 0.009 -26"><span class='ocrx_word' id='word_1_168' title='bbox 325 2423 422 2505; x_wconf 86' lang='grc' dir='ltr'><strong><em>θήσω,</em></strong></span> <span class='ocrx_word' id='word_1_169' title='bbox 447 2425 556 2509; x_wconf 88' lang='grc' dir='ltr'><strong><em>πατέρα</em></strong></span> <span class='ocrx_word' id='word_1_170' title='bbox 570 2451 599 2490; x_wconf 86' lang='grc' dir='ltr'><strong><em>τε</em></strong></span> <span class='ocrx_word' id='word_1_171' title='bbox 619 2430 668 2490; x_wconf 88' lang='grc' dir='ltr'><strong><em>καί</em></strong></span> <span class='ocrx_word' id='word_1_172' title='bbox 689 2428 776 2511; x_wconf 86' lang='grc' dir='ltr'><strong><em>κόρην</em></strong></span> <span class='ocrx_word' id='word_1_173' title='bbox 798 2428 881 2491; x_wconf 91' lang='grc' dir='ltr'><strong><em>πόσιν</em></strong></span> <span class='ocrx_word' id='word_1_174' title='bbox 902 2429 925 2490; x_wconf 82' lang='grc' dir='ltr'><strong><em>τ’</em></strong></span> <span class='ocrx_word' id='word_1_175' title='bbox 948 2419 1029 2507; x_wconf 84' lang='grc' dir='ltr'><strong><em>ἐμόν.</em></strong></span> 
     </span>
     <span class='ocr_line' id='line_1_23' title="bbox 324 2526 1065 2614; baseline 0.007 -27"><span class='ocrx_word' id='word_1_176' title='bbox 324 2527 433 2602; x_wconf 81' lang='grc' dir='ltr'><strong><em>πολλὰς</em></strong></span> <span class='ocrx_word' id='word_1_177' title='bbox 453 2526 480 2590; x_wconf 83' lang='grc' dir='ltr'><strong><em>δ’</em></strong></span> <span class='ocrx_word' id='word_1_178' title='bbox 503 2527 609 2609; x_wconf 87' lang='grc' dir='ltr'><strong><em>έχουσα</em></strong></span> <span class='ocrx_word' id='word_1_179' title='bbox 631 2529 817 2610; x_wconf 75' lang='grc' dir='ltr'><strong><em>θανασίμους</em></strong></span> <span class='ocrx_word' id='word_1_180' title='bbox 837 2529 935 2605; x_wconf 80' lang='grc' dir='ltr'><strong><em>αὐτοῖς</em></strong></span> <span class='ocrx_word' id='word_1_181' title='bbox 956 2527 1065 2614; x_wconf 79' lang='grc' dir='ltr'><strong><em>ὁδοὺςΙ</em></strong></span> 
     </span>
     <span class='ocr_line' id='line_1_24' title="bbox 326 2621 966 2715; baseline 0.002 -23"><span class='ocrx_word' id='word_1_182' title='bbox 326 2627 379 2692; x_wconf 81' lang='grc' dir='ltr'><strong><em>οὐκ</em></strong></span> <span class='ocrx_word' id='word_1_183' title='bbox 402 2621 457 2692; x_wconf 73' lang='grc' dir='ltr'><strong><em>οἷδ’</em></strong></span> <span class='ocrx_word' id='word_1_184' title='bbox 482 2628 567 2715; x_wconf 80' lang='grc' dir='ltr'><strong><em>ὁποίᾳ</em></strong></span> <span class='ocrx_word' id='word_1_185' title='bbox 588 2637 703 2712; x_wconf 89' lang='grc' dir='ltr'><strong><em>πρῶτον</em></strong></span> <span class='ocrx_word' id='word_1_186' title='bbox 723 2631 849 2714; x_wconf 87' lang='grc' dir='ltr'><strong><em>ἐγχειρῶ,</em></strong></span> <span class='ocrx_word' id='word_1_187' title='bbox 873 2631 966 2714; x_wconf 83' lang='grc' dir='ltr'><strong><em>φίλαι,</em></strong></span> 
     </span>
     <span class='ocr_line' id='line_1_25' title="bbox 324 2729 949 2814; baseline 0.003 -20"><span class='ocrx_word' id='word_1_188' title='bbox 324 2729 444 2814; x_wconf 89' lang='grc' dir='ltr'><strong><em>πότερον</em></strong></span> <span class='ocrx_word' id='word_1_189' title='bbox 465 2729 581 2813; x_wconf 79' lang='grc' dir='ltr'><strong><em>δφοίψω</em></strong></span> <span class='ocrx_word' id='word_1_190' title='bbox 603 2733 690 2813; x_wconf 87' lang='grc' dir='ltr'><strong><em>δῶμα</em></strong></span> <span class='ocrx_word' id='word_1_191' title='bbox 713 2735 858 2814; x_wconf 85' lang='grc' dir='ltr'><strong><em>νυμφικόν</em></strong></span> <span class='ocrx_word' id='word_1_192' title='bbox 881 2735 949 2813; x_wconf 85' lang='grc' dir='ltr'><strong><em>πυρί</em></strong></span> 
     </span>
     <span class='ocr_line' id='line_1_26' title="bbox 325 2826 953 2924; baseline 0.002 -30"><span class='ocrx_word' id='word_1_193' title='bbox 325 2831 476 2916; x_wconf 77' lang='grc' dir='ltr'><strong><em>ἣθηκτίν</em></strong></span> <span class='ocrx_word' id='word_1_194' title='bbox 497 2831 561 2896; x_wconf 87' lang='grc' dir='ltr'><strong><em>ῶσαι</em></strong></span> <span class='ocrx_word' id='word_1_195' title='bbox 583 2826 736 2915; x_wconf 79' lang='grc' dir='ltr'><strong><em>φάσγανον</em></strong></span> <span class='ocrx_word' id='word_1_196' title='bbox 761 2834 797 2895; x_wconf 89' lang='grc' dir='ltr'><strong><em>δι’</em></strong></span> <span class='ocrx_word' id='word_1_197' title='bbox 820 2831 926 2921; x_wconf 76' lang='grc' dir='ltr'><strong><em>ἥπατος</em></strong></span> <span class='ocrx_word' id='word_1_198' title='bbox 952 2919 953 2924; x_wconf 11' lang='lat'>¹</span> 
     </span>
     <span class='ocr_line' id='line_1_27' title="bbox 314 2931 970 3020; baseline -0.003 -23"><span class='ocrx_word' id='word_1_199' title='bbox 314 2943 388 3020; x_wconf 78' lang='grc' dir='ltr'><strong><em>σιγῇ</em></strong></span> <span class='ocrx_word' id='word_1_200' title='bbox 411 2933 519 3015; x_wconf 83' lang='grc' dir='ltr'><strong><em>δόμους</em></strong></span> <span class='ocrx_word' id='word_1_201' title='bbox 536 2934 644 3014; x_wconf 76' lang='grc' dir='ltr'><strong><em>είςβάδ</em></strong></span> <span class='ocrx_word' id='word_1_202' title='bbox 668 2933 704 2995; x_wconf 81' lang='grc' dir='ltr'><strong><em>ἵν’</em></strong></span> <span class='ocrx_word' id='word_1_203' title='bbox 727 2931 862 3015; x_wconf 81' lang='grc' dir='ltr'><strong><em>ἐστρωτοι</em></strong></span> <span class='ocrx_word' id='word_1_204' title='bbox 884 2932 970 3015; x_wconf 86' lang='grc' dir='ltr'><strong><em>λέχος.</em></strong></span> 
     </span>
     <span class='ocr_line' id='line_1_28' title="bbox 324 3025 1008 3116; baseline -0.001 -20"><span class='ocrx_word' id='word_1_205' title='bbox 324 3025 387 3096; x_wconf 78' lang='grc' dir='ltr'><strong><em>ἀλλ’</em></strong></span> <span class='ocrx_word' id='word_1_206' title='bbox 414 3032 446 3096; x_wconf 81' lang='grc' dir='ltr'><strong><em>ἓν</em></strong></span> <span class='ocrx_word' id='word_1_207' title='bbox 467 3033 493 3096; x_wconf 91' lang='grc' dir='ltr'><strong><em>τί</em></strong></span> <span class='ocrx_word' id='word_1_208' title='bbox 512 3057 564 3114; x_wconf 91' lang='grc' dir='ltr'><strong><em>μοι</em></strong></span> <span class='ocrx_word' id='word_1_209' title='bbox 586 3033 748 3116; x_wconf 88' lang='grc' dir='ltr'><strong><em>πρόςαντες·</em></strong></span> <span class='ocrx_word' id='word_1_210' title='bbox 771 3035 798 3096; x_wconf 84' lang='grc' dir='ltr'><strong><em>εί</em></strong></span> <span class='ocrx_word' id='word_1_211' title='bbox 814 3033 1008 3116; x_wconf 71' lang='grc' dir='ltr'><strong><em>ληφθήσομαι</em></strong></span> 
     </span>
     <span class='ocr_line' id='line_1_29' title="bbox 324 3133 927 3219; baseline 0.003 -22"><span class='ocrx_word' id='word_1_212' title='bbox 324 3136 432 3216; x_wconf 88' lang='grc' dir='ltr'><strong><em>δόμους</em></strong></span> <span class='ocrx_word' id='word_1_213' title='bbox 452 3133 668 3219; x_wconf 78' lang='grc' dir='ltr'><strong><em>ἀπερβαίνουσα</em></strong></span> <span class='ocrx_word' id='word_1_214' title='bbox 690 3138 739 3198; x_wconf 89' lang='grc' dir='ltr'><strong><em>καί</em></strong></span> <span class='ocrx_word' id='word_1_215' title='bbox 760 3134 927 3217; x_wconf 85' lang='grc' dir='ltr'><strong><em>τεχνωμένη,</em></strong></span> 
     </span>
     <span class='ocr_line' id='line_1_30' title="bbox 328 3235 1010 3320; baseline 0.003 -22"><span class='ocrx_word' id='word_1_216' title='bbox 328 3241 463 3300; x_wconf 75' lang='grc' dir='ltr'><strong><em>θανοῦσα</em></strong></span> <span class='ocrx_word' id='word_1_217' title='bbox 485 3236 575 3320; x_wconf 81' lang='grc' dir='ltr'><strong><em>θήσω</em></strong></span> <span class='ocrx_word' id='word_1_218' title='bbox 597 3243 653 3312; x_wconf 84' lang='grc' dir='ltr'><strong><em>τοῖς</em></strong></span> <span class='ocrx_word' id='word_1_219' title='bbox 673 3237 756 3316; x_wconf 82' lang='grc' dir='ltr'><strong><em>ἐμοῖς</em></strong></span> <span class='ocrx_word' id='word_1_220' title='bbox 775 3237 893 3318; x_wconf 85' lang='grc' dir='ltr'><strong><em>ἐχθροῖς</em></strong></span> <span class='ocrx_word' id='word_1_221' title='bbox 912 3235 1010 3318; x_wconf 84' lang='grc' dir='ltr'><strong><em>γέλων.</em></strong></span> 
     </span>
     <span class='ocr_line' id='line_1_31' title="bbox 325 3325 909 3424; baseline 0.002 -25"><span class='ocrx_word' id='word_1_222' title='bbox 325 3338 458 3420; x_wconf 83' lang='grc' dir='ltr'><strong><em>κράτιστα</em></strong></span> <span class='ocrx_word' id='word_1_223' title='bbox 478 3338 532 3418; x_wconf 78' lang='grc' dir='ltr'><strong><em>τὴν</em></strong></span> <span class='ocrx_word' id='word_1_224' title='bbox 552 3337 676 3400; x_wconf 80' lang='grc' dir='ltr'><strong><em>εάθεῖαν</em></strong></span> <span class='ocrx_word' id='word_1_225' title='bbox 696 3325 717 3424; x_wconf 77' lang='grc' dir='ltr'><em>ᾗ</em></span> <span class='ocrx_word' id='word_1_226' title='bbox 737 3337 909 3420; x_wconf 73' lang='grc' dir='ltr'><strong><em>πεφύκαμεν</em></strong></span> 
     </span>
     <span class='ocr_line' id='line_1_32' title="bbox 323 3436 971 3522; baseline -0.002 -21"><span class='ocrx_word' id='word_1_227' title='bbox 323 3439 409 3521; x_wconf 89' lang='grc' dir='ltr'><strong><em>σοφοί</em></strong></span> <span class='ocrx_word' id='word_1_228' title='bbox 429 3436 565 3518; x_wconf 77' lang='grc' dir='ltr'><strong><em>μάλιστα,</em></strong></span> <span class='ocrx_word' id='word_1_229' title='bbox 588 3437 753 3522; x_wconf 83' lang='grc' dir='ltr'><strong><em>φαρμάκοις</em></strong></span> <span class='ocrx_word' id='word_1_230' title='bbox 772 3439 877 3513; x_wconf 70' lang='grc' dir='ltr'><strong><em>αὐτοί-ς</em></strong></span> <span class='ocrx_word' id='word_1_231' title='bbox 896 3437 971 3502; x_wconf 81' lang='grc' dir='ltr'><strong><em>ἐλεῐν</em></strong></span> 
     </span>
     <span class='ocr_line' id='line_1_33' title="bbox 174 3525 1320 3622; baseline -0.001 -20"><span class='ocrx_word' id='word_1_232' title='bbox 174 3544 220 3603; x_wconf 91' lang='lat' dir='ltr'><strong><em>hic</em></strong></span> <span class='ocrx_word' id='word_1_233' title='bbox 240 3551 359 3604; x_wconf 74' lang='lat' dir='ltr'><strong>eirenae</strong></span> <span class='ocrx_word' id='word_1_234' title='bbox 380 3547 551 3621; x_wconf 82' lang='lat' dir='ltr'><strong>exsequitur</strong></span> <span class='ocrx_word' id='word_1_235' title='bbox 563 3541 597 3621; x_wconf 68' lang='grc'><strong><em>2).</em></strong></span> <span class='ocrx_word' id='word_1_236' title='bbox 641 3544 739 3605; x_wconf 81' lang='lat' dir='ltr'><strong>Etiam</strong></span> <span class='ocrx_word' id='word_1_237' title='bbox 766 3547 796 3603; x_wconf 93' lang='lat' dir='ltr'><strong><em>in</em></strong></span> <span class='ocrx_word' id='word_1_238' title='bbox 818 3545 873 3603; x_wconf 90' lang='lat' dir='ltr'><strong><em>hac</em></strong></span> <span class='ocrx_word' id='word_1_239' title='bbox 895 3565 927 3602; x_wconf 92' lang='lat' dir='ltr'><strong><em>re</em></strong></span> <span class='ocrx_word' id='word_1_240' title='bbox 948 3525 1027 3622; x_wconf 81' lang='lat' dir='ltr'><strong>apud</strong></span> <span class='ocrx_word' id='word_1_241' title='bbox 1046 3545 1203 3603; x_wconf 88' lang='lat' dir='ltr'><strong>Diodorum</strong></span> <span class='ocrx_word' id='word_1_242' title='bbox 1222 3543 1320 3602; x_wconf 84' lang='lat' dir='ltr'><strong>fabula</strong></span> 
     </span>
    </p>
   </div>
   <div class='ocr_carea' id='block_1_3' title="bbox 175 3671 373 3684">
    <p class='ocr_par' dir='ltr' id='par_1_3' title="bbox 175 3671 373 3684">
     <span class='ocr_line' id='line_1_34' title="bbox 175 3671 373 3684; baseline -0.005 0"><span class='ocrx_word' id='word_1_243' title='bbox 175 3671 373 3684; x_wconf 67' lang='lat' dir='ltr'><strong>—n-——-</strong></span> 
     </span>
    </p>
   </div>
   <div class='ocr_carea' id='block_1_4' title="bbox 172 3765 1320 4462">
    <p class='ocr_par' dir='ltr' id='par_1_4' title="bbox 172 3765 1320 4462">
     <span class='ocr_line' id='line_1_35' title="bbox 281 3765 1203 3841; baseline 0.002 -21"><span class='ocrx_word' id='word_1_244' title='bbox 281 3768 308 3838; x_wconf 93' lang='lat'><strong><em>1)</em></strong></span> <span class='ocrx_word' id='word_1_245' title='bbox 327 3767 491 3838; x_wconf 79' lang='lat' dir='ltr'><strong>cf.786aq.:</strong></span> <span class='ocrx_word' id='word_1_246' title='bbox 513 3772 622 3841; x_wconf 80' lang='grc' dir='ltr'><strong><em>πέμψω</em></strong></span> <span class='ocrx_word' id='word_1_247' title='bbox 642 3768 695 3839; x_wconf 82' lang='grc' dir='ltr'><strong><em>γὰρ</em></strong></span> <span class='ocrx_word' id='word_1_248' title='bbox 714 3765 810 3828; x_wconf 70' lang='lat' dir='ltr'><strong>adroic</strong></span> <span class='ocrx_word' id='word_1_249' title='bbox 827 3769 893 3838; x_wconf 88' lang='grc' dir='ltr'><strong><em>δῶρ’</em></strong></span> <span class='ocrx_word' id='word_1_250' title='bbox 913 3769 1026 3840; x_wconf 79' lang='grc' dir='ltr'><strong><em>ἔχοντας</em></strong></span> <span class='ocrx_word' id='word_1_251' title='bbox 1045 3769 1075 3822; x_wconf 75' lang='grc' dir='ltr'><strong><em>έν</em></strong></span> <span class='ocrx_word' id='word_1_252' title='bbox 1091 3774 1203 3840; x_wconf 83' lang='grc' dir='ltr'><strong><em>χεροῖν·</em></strong></span> 
     </span>
     <span class='ocr_line' id='line_1_36' title="bbox 509 3850 1105 3930; baseline 0 -20"><span class='ocrx_word' id='word_1_253' title='bbox 509 3850 615 3927; x_wconf 80' lang='grc' dir='ltr'><strong><em>κάνπερ</em></strong></span> <span class='ocrx_word' id='word_1_254' title='bbox 636 3859 756 3925; x_wconf 81' lang='grc' dir='ltr'><strong><em>λαβοῦσα</em></strong></span> <span class='ocrx_word' id='word_1_255' title='bbox 775 3851 885 3929; x_wconf 88' lang='grc' dir='ltr'><strong><em>κόσμον</em></strong></span> <span class='ocrx_word' id='word_1_256' title='bbox 903 3854 1017 3930; x_wconf 78' lang='grc' dir='ltr'><strong><em>ἀμφιθῇ</em></strong></span> <span class='ocrx_word' id='word_1_257' title='bbox 1032 3857 1105 3927; x_wconf 82' lang='grc' dir='ltr'><strong><em>χροί,</em></strong></span> 
     </span>
     <span class='ocr_line' id='line_1_37' title="bbox 509 3940 1133 4021; baseline 0.003 -22"><span class='ocrx_word' id='word_1_258' title='bbox 509 3947 598 4006; x_wconf 86' lang='grc' dir='ltr'><strong><em>κακῶς</em></strong></span> <span class='ocrx_word' id='word_1_259' title='bbox 616 3943 715 4000; x_wconf 84' lang='grc' dir='ltr'><strong><em>ὀλεῖται</em></strong></span> <span class='ocrx_word' id='word_1_260' title='bbox 734 3949 788 4006; x_wconf 80' lang='grc' dir='ltr'><strong><em>πῶς</em></strong></span> <span class='ocrx_word' id='word_1_261' title='bbox 805 3949 834 3998; x_wconf 70' lang='grc' dir='ltr'><strong><em>θ’</em></strong></span> <span class='ocrx_word' id='word_1_262' title='bbox 854 3942 884 4006; x_wconf 83' lang='grc' dir='ltr'><strong><em>ὃς</em></strong></span> <span class='ocrx_word' id='word_1_263' title='bbox 901 3940 936 4002; x_wconf 84' lang='grc' dir='ltr'><strong><em>ἀν</em></strong></span> <span class='ocrx_word' id='word_1_264' title='bbox 954 3953 1020 4021; x_wconf 77' lang='grc' dir='ltr'><strong><em>θίγη</em></strong></span> <span class='ocrx_word' id='word_1_265' title='bbox 1040 3942 1133 4018; x_wconf 86' lang='grc' dir='ltr'><strong><em>κόρης·</em></strong></span> 
     </span>
     <span class='ocr_line' id='line_1_38' title="bbox 505 4030 1079 4108; baseline 0.003 -21"><span class='ocrx_word' id='word_1_266' title='bbox 505 4034 619 4094; x_wconf 85' lang='grc' dir='ltr'><strong><em>τοιοῖςδε</em></strong></span> <span class='ocrx_word' id='word_1_267' title='bbox 636 4040 726 4106; x_wconf 87' lang='grc' dir='ltr'><strong><em>χρίσω</em></strong></span> <span class='ocrx_word' id='word_1_268' title='bbox 746 4030 906 4108; x_wconf 75' lang='grc' dir='ltr'><strong><em>φαρμάκοις</em></strong></span> <span class='ocrx_word' id='word_1_269' title='bbox 923 4031 1079 4108; x_wconf 82' lang='grc' dir='ltr'><strong><em>δωρήματα.</em></strong></span> 
     </span>
     <span class='ocr_line' id='line_1_39' title="bbox 172 4122 1320 4200; baseline 0.003 -24"><span class='ocrx_word' id='word_1_270' title='bbox 172 4122 208 4178; x_wconf 85' lang='lat' dir='ltr'><strong><em>cf.</em></strong></span> <span class='ocrx_word' id='word_1_271' title='bbox 226 4126 278 4179; x_wconf 82' lang='lat'><strong><em>947</em></strong></span> <span class='ocrx_word' id='word_1_272' title='bbox 290 4143 331 4195; x_wconf 85' lang='lat' dir='ltr'><strong><em>aq.</em></strong></span> <span class='ocrx_word' id='word_1_273' title='bbox 352 4125 421 4178; x_wconf 84' lang='lat'>1136</span> <span class='ocrx_word' id='word_1_274' title='bbox 432 4141 471 4193; x_wconf 81' lang='lat' dir='ltr'><strong><em>sq.</em></strong></span> <span class='ocrx_word' id='word_1_275' title='bbox 493 4122 600 4178; x_wconf 79' lang='lat' dir='ltr'><strong>Eadem</strong></span> <span class='ocrx_word' id='word_1_276' title='bbox 622 4124 794 4200; x_wconf 77' lang='lat' dir='ltr'><strong>negligentia</strong></span> <span class='ocrx_word' id='word_1_277' title='bbox 814 4123 961 4194; x_wconf 76' lang='lat' dir='ltr'><strong>Euripiden</strong></span> <span class='ocrx_word' id='word_1_278' title='bbox 981 4125 1130 4180; x_wconf 86' lang='lat' dir='ltr'><strong>eDiodoro</strong></span> <span class='ocrx_word' id='word_1_279' title='bbox 1149 4122 1320 4198; x_wconf 77' lang='grc' dir='ltr'><strong><em>συγγραφεύς</em></strong></span> 
     </span>
     <span class='ocr_line' id='line_1_40' title="bbox 173 4207 855 4284; baseline 0.001 -20"><span class='ocrx_word' id='word_1_280' title='bbox 173 4210 277 4267; x_wconf 75' lang='lat' dir='ltr'><strong>dicitur</strong></span> <span class='ocrx_word' id='word_1_281' title='bbox 295 4231 350 4283; x_wconf 86' lang='lat' dir='ltr'><strong><em>que</em></strong></span> <span class='ocrx_word' id='word_1_282' title='bbox 367 4229 391 4268; x_wconf 91' lang='lat' dir='ltr'><strong><em>c.</em></strong></span> <span class='ocrx_word' id='word_1_283' title='bbox 405 4213 478 4280; x_wconf 80' lang='lat'>44‚4</span> <span class='ocrx_word' id='word_1_284' title='bbox 494 4212 642 4282; x_wconf 81' lang='lat' dir='ltr'><strong>Sophoclea</strong></span> <span class='ocrx_word' id='word_1_285' title='bbox 662 4207 855 4284; x_wconf 69' lang='grc' dir='ltr'><strong><em>μυθογράφοι.</em></strong></span> 
     </span>
     <span class='ocr_line' id='line_1_41' title="bbox 272 4298 1318 4372; baseline 0.007 -20"><span class='ocrx_word' id='word_1_286' title='bbox 272 4301 300 4370; x_wconf 88' lang='grc'><strong><em>2)</em></strong></span> <span class='ocrx_word' id='word_1_287' title='bbox 319 4317 342 4355; x_wconf 81' lang='lat' dir='ltr'><strong><em>e.</em></strong></span> <span class='ocrx_word' id='word_1_288' title='bbox 360 4301 404 4364; x_wconf 73' lang='lat'><strong><em>54,</em></strong></span> <span class='ocrx_word' id='word_1_289' title='bbox 425 4300 449 4354; x_wconf 81' lang='lat'><strong><em>5:</em></strong></span> <span class='ocrx_word' id='word_1_290' title='bbox 472 4303 519 4354; x_wconf 82' lang='grc' dir='ltr'><strong><em>καὶ</em></strong></span> <span class='ocrx_word' id='word_1_291' title='bbox 535 4305 605 4372; x_wconf 84' lang='grc' dir='ltr'><strong><em>μίαν</em></strong></span> <span class='ocrx_word' id='word_1_292' title='bbox 623 4299 731 4372; x_wconf 79' lang='grc' dir='ltr'><strong><em>ἡμέραν</em></strong></span> <span class='ocrx_word' id='word_1_293' title='bbox 748 4298 823 4371; x_wconf 79' lang='grc' dir='ltr'><strong><em>παρὰ</em></strong></span> <span class='ocrx_word' id='word_1_294' title='bbox 842 4303 889 4355; x_wconf 85' lang='grc' dir='ltr'><strong><em>τοῦ</em></strong></span> <span class='ocrx_word' id='word_1_295' title='bbox 909 4305 1045 4371; x_wconf 80' lang='grc' dir='ltr'><strong><em>Κρέοντος</em></strong></span> <span class='ocrx_word' id='word_1_296' title='bbox 1064 4305 1202 4371; x_wconf 82' lang='grc' dir='ltr'><strong><em>λαβοῦσαν</em></strong></span> <span class='ocrx_word' id='word_1_297' title='bbox 1218 4307 1256 4365; x_wconf 78' lang='grc' dir='ltr'><strong><em>είς</em></strong></span> <span class='ocrx_word' id='word_1_298' title='bbox 1272 4302 1318 4368; x_wconf 80' lang='grc' dir='ltr'><strong><em>τὴν</em></strong></span> 
     </span>
     <span class='ocr_line' id='line_1_42' title="bbox 172 4386 1318 4462; baseline 0.009 -25"><span class='ocrx_word' id='word_1_299' title='bbox 172 4386 219 4451; x_wconf 81' lang='grc' dir='ltr'><strong><em>τῆς</em></strong></span> <span class='ocrx_word' id='word_1_300' title='bbox 237 4389 327 4457; x_wconf 84' lang='grc' dir='ltr'><strong><em>φυγῆς</em></strong></span> <span class='ocrx_word' id='word_1_301' title='bbox 345 4386 524 4461; x_wconf 79' lang='grc' dir='ltr'><strong><em>παρασκευὴν</em></strong></span> <span class='ocrx_word' id='word_1_302' title='bbox 542 4392 580 4448; x_wconf 78' lang='grc' dir='ltr'><strong><em>εἰς</em></strong></span> <span class='ocrx_word' id='word_1_303' title='bbox 596 4389 652 4462; x_wconf 83' lang='grc' dir='ltr'><strong><em>μὲν</em></strong></span> <span class='ocrx_word' id='word_1_304' title='bbox 669 4388 701 4443; x_wconf 80' lang='grc' dir='ltr'><strong><em>τὰ</em></strong></span> <span class='ocrx_word' id='word_1_305' title='bbox 720 4394 843 4456; x_wconf 79' lang='grc' dir='ltr'><strong><em>βασίλεια</em></strong></span> <span class='ocrx_word' id='word_1_306' title='bbox 865 4387 960 4450; x_wconf 81' lang='grc' dir='ltr'><strong><em>νυκτὸς</em></strong></span> <span class='ocrx_word' id='word_1_307' title='bbox 983 4394 1113 4451; x_wconf 70' lang='grc' dir='ltr'><strong><em>εἰςελθεῖυ</em></strong></span> <span class='ocrx_word' id='word_1_308' title='bbox 1131 4386 1318 4447; x_wconf 82' lang='grc' dir='ltr'><strong><em>ἀλλοιώσασαν</em></strong></span> 
     </span>
    </p>
   </div>
   <div class='ocr_carea' id='block_1_5' title="bbox 0 0 1484 4786">
    <p class='ocr_par' dir='ltr' id='par_1_5' title="bbox 0 0 1484 4786">
     <span class='ocr_line' id='line_1_43' title="bbox 0 0 1484 4786; baseline 0 3"><span class='ocrx_word' id='word_1_309' title='bbox 0 0 1484 4786; x_wconf 95' lang='lat' dir='ltr'><strong><em> </em></strong></span> 
     </span>
    </p>
   </div>
  </div>
 </body>
</html>
