2958 4786
732 239 766 290 56

175 419 273 478 dicata
288 422 357 477 suut
372 420 460 475 inseri
478 418 523 476 vel
543 416 609 474 inde
625 415 749 492 adparet
767 416 845 492 quod
863 417 902 474 ibi
927 416 976 474 Sol
999 437 1014 472 u
1039 437 1096 492 quo
1119 439 1143 476 c.
1157 420 1194 476 26
1220 438 1327 492 regum

177 525 243 578 enni
273 526 488 598 computantur,
508 519 619 595 primus
641 537 780 592 regnasse
807 518 914 576 dicitur
946 508 1006 598 [13,
1021 509 1051 598 2]
1079 525 1109 576 et
1140 521 1169 576 in
1193 521 1228 576 iis
1250 541 1330 596 quae

177 619 368 697 praecedunt,
393 618 493 676 Solet
523 618 607 676 Luna
640 618 743 675 summi
776 617 822 674 dei
855 618 892 674 ab
924 618 1078 697 Aegyptiis
1100 619 1193 677 Osiris
1216 625 1246 677 et
1269 623 1329 680 Isis

176 721 316 798 adpellati
339 710 374 800 [c.
394 709 443 798 11]
465 699 576 795 optime
601 719 638 777 ad
654 718 765 776 Laertii
782 718 920 794 Diogenis
943 719 1036 776 locum
1062 709 1088 799 [Ι
1107 710 1156 799 10]
1177 721 1329 796 quadrant

176 822 227 880 ubi
248 823 273 878 is
287 821 430 880 Hecataeo
453 826 572 878 auctore
584 821 799 896 Aegyptiorum
823 820 1037 895 philosophiam
1060 822 1152 879 refert
1166 819 1199 897 ¹).
1229 825 1331 899 Atque

177 943 212 980 ne
234 923 282 980 hic
295 922 412 998 quidem
425 921 543 979 Homeri
559 928 589 978 et
604 921 715 997 Orphei
735 922 903 979 testimonia
924 920 1043 980 desunt:
1069 922 1104 979 cf.
1122 943 1145 980 c.
1160 923 1208 996 11,
1220 925 1248 980 2.
1265 921 1328 1000 3²).

180 1025 227 1091 12,
244 1026 271 1082 2.
286 1026 313 1078 4.
332 1025 360 1080 5.
406 1022 451 1080 Ex
475 1023 619 1082 Hecataeo
641 1025 734 1098 igitur
756 1041 818 1080 eam
846 1022 1090 1096 theologumenon
1114 1029 1227 1100 partem
1250 1046 1330 1101 quae

176 1144 262 1201 capp.
288 1124 409 1183 11-13
440 1125 517 1182 inest
547 1122 732 1199 desumptam
755 1121 901 1180 Diodorus
928 1121 1118 1197 Dionysianis
1148 1126 1331 1202 interposuit

176 1230 266 1301 atque
289 1231 358 1283 sunt
381 1245 456 1302 quae
477 1225 535 1301 ipsi
564 1222 820 1298 Scytobrachionis
851 1224 976 1281 orationi
1004 1243 1039 1280 ex
1062 1225 1111 1282 illo
1133 1227 1331 1301 interpolasse

176 1326 318 1385 videatur.
363 1325 559 1384 Conferantur
594 1325 716 1383 nominis
739 1324 797 1381 Nili
828 1323 911 1381 fluvii
942 1325 1102 1401 veriloquia
1127 1328 1328 1396 c.19‚4re-

176 1447 262 1485 censa
293 1447 355 1486 curn
379 1427 454 1484 Nilei
483 1427 562 1503 regis
590 1428 734 1484 mentione
757 1447 780 1482 c.
800 1426 877 1493 63,1
904 1445 938 1482 ex
964 1426 1147 1484 sacerdotum
1171 1427 1330 1486 annalibus

177 1529 271 1603 petita
294 1528 337 1584 vel
358 1529 394 1585 iis
413 1547 488 1604 quae
510 1547 598 1604 capp.
617 1529 663 1595 12,
681 1529 698 1583 5
715 1532 745 1583 et
768 1528 817 1599 96,
835 1528 851 1581 7
874 1526 910 1584 de
922 1527 1037 1584 Oceano
1049 1526 1203 1585 Homerico
1225 1527 1328 1606 dispu-

177 1633 281 1687 tantur
293 1625 327 1703 ³).
372 1627 484 1687 Deinde
512 1628 631 1687 deorum
656 1628 747 1686 Osiris
771 1627 846 1685 lovis
870 1628 989 1686 Volcani
1016 1626 1128 1687 Oereris
1152 1628 1258 1692 Oceani
1272 1629 1332 1686 Mi-

178 1749 284 1787 nervae
297 1729 446 1787 Ammonis
468 1731 615 1786 nominum
638 1730 806 1804 veriloquiis
825 1731 849 1786 si
864 1729 1052 1805 reputabitur
1067 1734 1209 1805 quantum
1221 1750 1332 1808 operae

179 1829 341 1888 Hecataeus
362 1832 514 1890 novaverit
526 1851 561 1887 ex
583 1834 647 1907 ipsa
664 1831 1003 1906 Aegyptiorumlingua
1027 1831 1205 1908 exponendis
1216 1827 1251 1903 ⁴),
1275 1831 1333 1890 du·

178 1930 266 1988 bitari
289 1934 392 2007 opinor
414 1951 470 1988 non
493 1932 561 1990 licet
582 1933 652 2008 quin
676 1931 800 1989 hederae
830 1951 947 2007 quoque
971 1931 1079 1991 Osiridi
1099 1952 1198 1992 sacrae
1222 1935 1330 1993 verilo-

180 2032 279 2107 quium
306 2025 342 2108 [ο.
365 2033 412 2102 17,
429 2034 455 2090 4.
475 2026 546 2110 5]⁶)
571 2033 714 2091 Hecataeo
730 2031 872 2090 debeatur
894 2037 1066 2108 praesertim
1092 2056 1157 2094 cum
1179 2041 1333 2112 postrema

181 2133 272 2191 verba
294 2127 364 2208 ὅπερ
388 2130 452 2204 τοὺς
474 2130 614 2204 παλαιοιλς
634 2132 683 2190 καὶ
705 2131 751 2211 ἐφ’
775 2129 877 2211 ἑτέρων
900 2138 999 2212 φυτῶν
1023 2132 1069 2194 ἀεὶ
1091 2132 1258 2195 θαλλόντων
1279 2157 1333 2194 πε-

180 2227 325 2309 ποιηκέναι
353 2238 386 2316 τῇ
416 2229 471 2309 μὲν
490 2229 658 2315 Ἀφροδίτη
685 2231 734 2317 τήν
773 2233 922 2312 μυρσίνην,
957 2240 996 2320 cpi
1026 2231 1052 2295 δ’
1073 2226 1247 2294 Ἀπόλλωνι
1276 2233 1335 2314 τὴν

181 2328 293 2410 δάφνην
315 2322 527 2410 προςάιραντας,
550 2332 583 2418 τῇ
606 2332 632 2392 d'
655 2332 782 2418 Ἀθηνᾷ
813 2333 866 2413 τὴν
891 2331 994 2396 ἐλαίαν
1020 2341 1081 2398 eius
1104 2339 1256 2417 scriptoris
1280 2343 1335 2415 qui

182 2435 270 2513 paulo
293 2455 382 2512 supra
407 2431 443 2510 [c.
463 2437 509 2507 16,
524 2434 554 2512 2]
581 2437 756 2495 Mercurium
788 2459 844 2495 nou
870 2439 1029 2498 Minervam
1060 2441 1153 2499 oleam
1185 2442 1334 2500 invenisse

179 2535 313 2610 tradidit,
336 2557 399 2595 esse
422 2558 477 2595 non
499 2539 620 2614 possiht.

278 2639 384 2698 Restat
417 2645 450 2698 ut
478 2640 514 2697 de
538 2638 796 2716 Scytobraehionis
829 2643 905 2702 lihro
939 2664 997 2719 quo
1031 2645 1137 2702 bellurn
1170 2645 1331 2703 Troianum

177 2745 360 2822 tractaverat
387 2741 565 2818 disputetur.
611 2741 693 2800 Hunc
726 2745 800 2801 enim
829 2750 859 2801 et
880 2745 1025 2804 Diodorus
1050 2737 1262 2826 [11166,6]⁶)
1285 2767 1332 2804 re-

182 2846 281 2898 censet
305 2861 398 2919 nequc
419 2844 449 2899 in
472 2843 589 2901 scholiis
613 2844 772 2902 Homericis
795 2845 902 2904 desunt
925 2866 1000 2922 quae
1022 2847 1104 2904 illum
1128 2837 1235 2904 oleant.
1249 2847 1282 2904 Ε.
1302 2866 1331 2920 g.

180 2961 244 3000 oum
280 2940 460 3000 bibliotheca
489 2944 504 3000 I
529 2946 555 3017 9,
579 2946 628 3014 21,
655 2949 672 3003 4
696 2952 726 3004 et
747 2945 854 3021 Hygini
888 2947 988 3006 fabula
1010 2948 1132 3006 XVIIII
1163 2939 1208 3026 [ef.
1238 2967 1330 3024 supra

185 3119 344 3126 ——--
351 3121 381 3126 --

284 3233 309 3300 1)
330 3229 414 3290 Θεοὺς
434 3232 459 3284 d’
478 3227 553 3298 ἥλιον
571 3238 615 3286 καὶ
636 3229 749 3300 σελήνην
768 3232 816 3289 τὸν
834 3237 889 3306 μὲν
901 3231 1015 3307 Ὄσιριν,
1035 3235 1085 3303 τήν
1105 3239 1129 3290 d'
1141 3231 1212 3292 Ἶσιν
1228 3243 1326 3292 καλου-

183 3323 280 3389 μένην.

282 3408 308 3476 2)
327 3407 389 3461 Νοιι
420 3408 508 3462 solum
538 3425 647 3463 versum
673 3412 842 3480 exscriptum
870 3410 973 3480 Orphei
992 3429 1058 3480 esse,
1087 3415 1238 3469 sedetiam
1260 3399 1331 3484 duae

183 3500 315 3549 secantur
334 3497 494 3550 Macrobius
514 3497 594 3552 docet
614 3498 638 3567 [l
660 3501 701 3566 18,
723 3498 777 3568 22].

282 3584 309 3652 3)
330 3584 434 3637 Eadem
459 3584 624 3638 Plutarchus
653 3587 740 3640 tradit
770 3587 815 3656 [de
838 3588 873 3642 le.
892 3593 920 3642 et
940 3587 1083 3657 Osir.34]:
1111 3593 1262 3644 claruerit
1284 3598 1328 3644 καὶ

171 3666 293 3741 Ὅμηρον
321 3668 408 3741 ὥςπερ
425 3673 499 3737 Θαλῆ
517 3668 645 3744 μαθόντα
674 3675 737 3743 παρ’
756 3680 917 3744 Αἰγυπτίων
937 3674 1008 3746 ἱῗιλωρ
1027 3675 1116 3747 ιἰρχήν
1134 3677 1265 3734 ἁπάντων
1284 3686 1331 3733 καὶ

181 3763 290 3827 γένεσιν
312 3766 449 3814 τίνεσθαι.
477 3761 613 3816 Hecataeo
640 3763 735 3817 deberi
754 3783 823 3833 qnae
843 3767 1016 3835 praecedunt
1029 3769 1124 3822 verba:
1146 3765 1219 3834 ἥλιον
1238 3769 1269 3821 δὲ
1285 3774 1332 3821 καὶ

181 3841 295 3913 σελήνην
310 3844 360 3918 οὐχ
370 3845 493 3918 ἅρμασιν
505 3846 572 3902 ἀλλὰ
584 3853 688 3909 πλοίοις
706 3847 827 3923 ὀχήμασι
846 3859 1007 3924 χρωμένους
1026 3859 1168 3924 περιπλεῖν
1186 3852 1228 3908 ἀεὶ
1247 3861 1330 3910 αἰνιτ-

180 3929 289 4005 τόμενοι
313 3933 360 4002 τήν
387 3934 437 4008 ἀφ’
460 3935 543 4007 ὑγροῦ
561 3937 667 4010 ιροιρήν
695 3937 785 3994 αι’πιῦν
812 3947 857 3996 καὶ
885 3948 995 4012 γένεσιν
1020 3944 1138 4012 adparet
1155 3962 1189 3998 ex
1208 3945 1331 4006 FHGII

180 4041 206 4091 p.
221 4023 273 4076 388
293 4024 367 4077 fae:
395 4021 565 4095 Ἡράκλειτος
594 4031 639 4080 καὶ
656 4027 794 4090 Ἑκαταῖος
821 4026 937 4103 ἔναμμα
968 4031 1063 4102 νοερὸν
1086 4031 1116 4086 τὸ
1140 4035 1170 4086 ἐκ
1198 4029 1333 4100 θαλάττης

281 4200 307 4269 4)
328 4201 367 4253 Cf.
388 4201 532 4257 Diodori
555 4206 651 4258 11.12.
672 4205 743 4258 Plut.
764 4206 790 4260 d.
810 4209 845 4261 Is.
865 4215 893 4262 et
913 4209 984 4265 Osir.
1007 4210 1030 4263 9.
1050 4214 1089 4263 10.

282 4289 309 4356 5)
332 4289 422 4356 Reda,
435 4290 510 4358 apud
529 4292 709 4346 Plutarchum
729 4294 763 4347 de
783 4295 817 4348 ls.
839 4303 867 4352 et
885 4298 955 4352 Osir.
975 4302 1017 4352 37.

279 4375 308 4445 6)
328 4377 387 4430 Ηιιο
408 4395 477 4446 quae
497 4379 629 4447 Dionysio
648 4381 758 4435 Milesio
777 4383 876 4440 Suidas
896 4387 1033 4442 adtribuit
1044 4384 1153 4456 Τρωικά
1165 4386 1329 4441 Welckerus

182 4459 235 4527 [ep.
256 4461 327 4529 Cycl.
349 4463 359 4514 I
380 4481 405 4531 p.
419 4467 464 4536 86]
485 4468 603 4521 rettulit.
