<?xml version="1.0" encoding="UTF-8"?>
<!DOCTYPE html PUBLIC "-//W3C//DTD XHTML 1.0 Transitional//EN"
    "http://www.w3.org/TR/xhtml1/DTD/xhtml1-transitional.dtd">
<html xmlns="http://www.w3.org/1999/xhtml" xml:lang="en" lang="en">
 <head>
  <title>
</title>
<meta http-equiv="Content-Type" content="text/html;charset=utf-8" />
  <meta name='ocr-system' content='tesseract 3.04.00' />
  <meta name='ocr-capabilities' content='ocr_page ocr_carea ocr_par ocr_line ocrx_word'/>
</head>
<body>
  <div class='ocr_page' id='page_1' title='image "./dedionysioscyto00schwgoog_0058.png"; bbox 0 0 2958 4786; ppageno 0'>
   <div class='ocr_carea' id='block_1_1' title="bbox 19 4501 20 4590">
    <p class='ocr_par' dir='ltr' id='par_1_1' title="bbox 19 4501 20 4590">
     <span class='ocr_line' id='line_1_1' title="bbox 19 4501 20 4590; baseline 0 0"><span class='ocrx_word' id='word_1_1' title='bbox 19 4501 20 4590; x_wconf 40' lang='grc' dir='ltr'><em>ι</em></span> 
     </span>
    </p>
   </div>
   <div class='ocr_carea' id='block_1_2' title="bbox 687 288 720 342">
    <p class='ocr_par' dir='ltr' id='par_1_2' title="bbox 687 288 720 342">
     <span class='ocr_line' id='line_1_2' title="bbox 687 288 720 342; baseline 0.03 -1"><span class='ocrx_word' id='word_1_2' title='bbox 687 288 720 342; x_wconf 82' lang='lat'><strong>51</strong></span> 
     </span>
    </p>
   </div>
   <div class='ocr_carea' id='block_1_3' title="bbox 129 458 1284 646">
    <p class='ocr_par' dir='ltr' id='par_1_3' title="bbox 129 458 1284 646">
     <span class='ocr_line' id='line_1_3' title="bbox 129 458 1284 549; baseline 0.003 -24"><span class='ocrx_word' id='word_1_3' title='bbox 129 469 249 546; x_wconf 84' lang='lat' dir='ltr'><strong>morari</strong></span> <span class='ocrx_word' id='word_1_4' title='bbox 273 458 315 549; x_wconf 85' lang='lat' dir='ltr'><strong>[d.</strong></span> <span class='ocrx_word' id='word_1_5' title='bbox 338 469 393 527; x_wconf 89' lang='lat' dir='ltr'><strong>civ.</strong></span> <span class='ocrx_word' id='word_1_6' title='bbox 415 467 463 526; x_wconf 87' lang='lat' dir='ltr'><strong>dci</strong></span> <span class='ocrx_word' id='word_1_7' title='bbox 485 467 553 526; x_wconf 92' lang='lat' dir='ltr'><strong>Vlll</strong></span> <span class='ocrx_word' id='word_1_8' title='bbox 569 458 634 549; x_wconf 73' lang='lat' dir='ltr'><strong>2i]:</strong></span> <span class='ocrx_word' id='word_1_9' title='bbox 653 461 734 526; x_wconf 82' lang='lat' dir='ltr'><strong>‘nani</strong></span> <span class='ocrx_word' id='word_1_10' title='bbox 757 466 793 526; x_wconf 90' lang='lat' dir='ltr'><strong>de</strong></span> <span class='ocrx_word' id='word_1_11' title='bbox 813 466 890 526; x_wconf 87' lang='lat' dir='ltr'><strong>Iside</strong></span> <span class='ocrx_word' id='word_1_12' title='bbox 912 485 1002 526; x_wconf 85' lang='lat' dir='ltr'><strong>uxore</strong></span> <span class='ocrx_word' id='word_1_13' title='bbox 1023 468 1115 528; x_wconf 83' lang='lat' dir='ltr'>Osiris</span> <span class='ocrx_word' id='word_1_14' title='bbox 1136 469 1284 546; x_wconf 79' lang='lat' dir='ltr'><strong>Aegyptia</strong></span> 
     </span>
     <span class='ocr_line' id='line_1_4' title="bbox 131 567 1282 646; baseline 0 -18"><span class='ocrx_word' id='word_1_15' title='bbox 131 569 196 628; x_wconf 87' lang='lat' dir='ltr'><strong>dea</strong></span> <span class='ocrx_word' id='word_1_16' title='bbox 218 575 248 629; x_wconf 89' lang='lat' dir='ltr'><strong>et</strong></span> <span class='ocrx_word' id='word_1_17' title='bbox 270 569 306 628; x_wconf 91' lang='lat' dir='ltr'><strong>de</strong></span> <span class='ocrx_word' id='word_1_18' title='bbox 334 567 507 646; x_wconf 87' lang='lat' dir='ltr'><strong>parentibus</strong></span> <span class='ocrx_word' id='word_1_19' title='bbox 539 588 640 628; x_wconf 91' lang='lat' dir='ltr'><strong>eorum</strong></span> <span class='ocrx_word' id='word_1_20' title='bbox 665 570 717 644; x_wconf 90' lang='lat' dir='ltr'><strong>qui</strong></span> <span class='ocrx_word' id='word_1_21' title='bbox 749 588 848 628; x_wconf 88' lang='lat' dir='ltr'><strong>omnes</strong></span> <span class='ocrx_word' id='word_1_22' title='bbox 874 587 957 646; x_wconf 87' lang='lat' dir='ltr'><strong>reges</strong></span> <span class='ocrx_word' id='word_1_23' title='bbox 986 569 1075 629; x_wconf 85' lang='lat' dir='ltr'><strong>fuisse</strong></span> <span class='ocrx_word' id='word_1_24' title='bbox 1103 570 1282 643; x_wconf 86' lang='lat' dir='ltr'><strong>scribuntur,</strong></span> 
     </span>
    </p>
   </div>
   <div class='ocr_carea' id='block_1_4' title="bbox 15 670 1283 851">
    <p class='ocr_par' dir='ltr' id='par_1_4' title="bbox 15 670 1283 851">
     <span class='ocr_line' id='line_1_5' title="bbox 15 670 1283 750; baseline 0.001 -21"><span class='ocrx_word' id='word_1_25' title='bbox 15 729 16 740; x_wconf 18' lang='grc' dir='ltr'>ἢ</span> <span class='ocrx_word' id='word_1_26' title='bbox 127 671 243 748; x_wconf 87' lang='lat' dir='ltr'><strong>quibus</strong></span> <span class='ocrx_word' id='word_1_27' title='bbox 266 671 438 748; x_wconf 83' lang='lat' dir='ltr'><strong>parentibus</strong></span> <span class='ocrx_word' id='word_1_28' title='bbox 461 673 521 730; x_wconf 86' lang='lat' dir='ltr'><strong>suis</strong></span> <span class='ocrx_word' id='word_1_29' title='bbox 541 671 593 729; x_wconf 84' lang='lat' dir='ltr'><strong>illa</strong></span> <span class='ocrx_word' id='word_1_30' title='bbox 613 691 676 750; x_wconf 88' lang='lat' dir='ltr'><strong>cum</strong></span> <span class='ocrx_word' id='word_1_31' title='bbox 699 670 878 729; x_wconf 87' lang='lat' dir='ltr'><strong>sacrificaret</strong></span> <span class='ocrx_word' id='word_1_32' title='bbox 905 672 1017 731; x_wconf 83' lang='lat' dir='ltr'><strong>invenit</strong></span> <span class='ocrx_word' id='word_1_33' title='bbox 1034 670 1136 730; x_wconf 87' lang='lat' dir='ltr'><strong>hordei</strong></span> <span class='ocrx_word' id='word_1_34' title='bbox 1155 676 1283 747; x_wconf 81' lang='lat' dir='ltr'>segetem</span> 
     </span>
     <span class='ocr_line' id='line_1_6' title="bbox 15 769 1282 851; baseline 0.001 -19"><span class='ocrx_word' id='word_1_35' title='bbox 15 769 16 796; x_wconf 45' lang='lat' dir='ltr'><strong>l</strong></span> <span class='ocrx_word' id='word_1_36' title='bbox 125 778 224 851; x_wconf 86' lang='lat' dir='ltr'><strong>atque</strong></span> <span class='ocrx_word' id='word_1_37' title='bbox 246 773 314 831; x_wconf 89' lang='lat' dir='ltr'><strong>inde</strong></span> <span class='ocrx_word' id='word_1_38' title='bbox 334 773 430 850; x_wconf 86' lang='lat' dir='ltr'><strong>spicas</strong></span> <span class='ocrx_word' id='word_1_39' title='bbox 452 775 558 831; x_wconf 88' lang='lat' dir='ltr'><strong>marito</strong></span> <span class='ocrx_word' id='word_1_40' title='bbox 580 774 643 847; x_wconf 87' lang='lat' dir='ltr'><strong>regi</strong></span> <span class='ocrx_word' id='word_1_41' title='bbox 665 777 696 830; x_wconf 86' lang='lat' dir='ltr'><strong>et</strong></span> <span class='ocrx_word' id='word_1_42' title='bbox 725 775 787 831; x_wconf 90' lang='lat' dir='ltr'><strong>eius</strong></span> <span class='ocrx_word' id='word_1_43' title='bbox 810 772 975 831; x_wconf 87' lang='lat' dir='ltr'><strong>consiliario</strong></span> <span class='ocrx_word' id='word_1_44' title='bbox 996 772 1144 831; x_wconf 84' lang='lat' dir='ltr'><strong>Mercurio</strong></span> <span class='ocrx_word' id='word_1_45' title='bbox 1165 773 1282 833; x_wconf 88' lang='lat' dir='ltr'><strong>demon·</strong></span> 
     </span>
    </p>
   </div>
   <div class='ocr_carea' id='block_1_5' title="bbox 123 872 1281 1052">
    <p class='ocr_par' dir='ltr' id='par_1_5' title="bbox 123 872 1281 1052">
     <span class='ocr_line' id='line_1_7' title="bbox 124 872 1281 950; baseline 0.003 -18"><span class='ocrx_word' id='word_1_46' title='bbox 124 875 250 945; x_wconf 87' lang='lat' dir='ltr'><strong>stravit,</strong></span> <span class='ocrx_word' id='word_1_47' title='bbox 273 873 351 932; x_wconf 89' lang='lat' dir='ltr'><strong>unde</strong></span> <span class='ocrx_word' id='word_1_48' title='bbox 372 873 492 932; x_wconf 89' lang='lat' dir='ltr'><strong>eandem</strong></span> <span class='ocrx_word' id='word_1_49' title='bbox 508 877 539 932; x_wconf 90' lang='lat' dir='ltr'><strong>et</strong></span> <span class='ocrx_word' id='word_1_50' title='bbox 556 872 689 933; x_wconf 82' lang='lat' dir='ltr'><strong>Cererem</strong></span> <span class='ocrx_word' id='word_1_51' title='bbox 712 873 825 945; x_wconf 85' lang='lat' dir='ltr'><strong>volunt,</strong></span> <span class='ocrx_word' id='word_1_52' title='bbox 848 893 924 950; x_wconf 88' lang='lat' dir='ltr'><strong>quae</strong></span> <span class='ocrx_word' id='word_1_53' title='bbox 945 879 975 931; x_wconf 90' lang='lat' dir='ltr'><strong>et</strong></span> <span class='ocrx_word' id='word_1_54' title='bbox 995 880 1109 950; x_wconf 88' lang='lat' dir='ltr'><strong>quanta</strong></span> <span class='ocrx_word' id='word_1_55' title='bbox 1130 875 1208 935; x_wconf 87' lang='lat' dir='ltr'><strong>mala</strong></span> <span class='ocrx_word' id='word_1_56' title='bbox 1223 897 1281 936; x_wconf 89' lang='lat' dir='ltr'><strong>non</strong></span> 
     </span>
     <span class='ocr_line' id='line_1_8' title="bbox 123 975 1280 1052; baseline 0.005 -20"><span class='ocrx_word' id='word_1_57' title='bbox 123 995 143 1032; x_wconf 86' lang='lat' dir='ltr'><strong>a</strong></span> <span class='ocrx_word' id='word_1_58' title='bbox 167 977 266 1052; x_wconf 90' lang='lat' dir='ltr'><strong>poetis</strong></span> <span class='ocrx_word' id='word_1_59' title='bbox 299 975 352 1034; x_wconf 88' lang='lat' dir='ltr'><strong>sed</strong></span> <span class='ocrx_word' id='word_1_60' title='bbox 387 975 533 1052; x_wconf 89' lang='lat' dir='ltr'><strong>mysticis·</strong></span> <span class='ocrx_word' id='word_1_61' title='bbox 554 994 653 1033; x_wconf 90' lang='lat' dir='ltr'><strong>eorum</strong></span> <span class='ocrx_word' id='word_1_62' title='bbox 686 975 781 1034; x_wconf 90' lang='lat' dir='ltr'><strong>literis</strong></span> <span class='ocrx_word' id='word_1_63' title='bbox 814 975 955 1034; x_wconf 85' lang='lat' dir='ltr'><strong>mandata</strong></span> <span class='ocrx_word' id='word_1_64' title='bbox 987 977 1055 1044; x_wconf 88' lang='lat' dir='ltr'><strong>sint,</strong></span> <span class='ocrx_word' id='word_1_65' title='bbox 1086 977 1161 1036; x_wconf 87' lang='lat' dir='ltr'><strong>sicut</strong></span> <span class='ocrx_word' id='word_1_66' title='bbox 1182 976 1280 1038; x_wconf 84' lang='lat' dir='ltr'><strong>Leone</strong></span> 
     </span>
    </p>
   </div>
   <div class='ocr_carea' id='block_1_6' title="bbox 61 1073 1281 1155">
    <p class='ocr_par' dir='ltr' id='par_1_6' title="bbox 61 1073 1281 1155">
     <span class='ocr_line' id='line_1_9' title="bbox 61 1073 1281 1155; baseline 0.003 -20"><span class='ocrx_word' id='word_1_67' title='bbox 61 1082 67 1090; x_wconf 85' lang='lat'>&#39;</span> <span class='ocrx_word' id='word_1_68' title='bbox 123 1075 283 1136; x_wconf 77' lang='lat' dir='ltr'><strong>sacerdote</strong></span> <span class='ocrx_word' id='word_1_69' title='bbox 306 1075 450 1152; x_wconf 78' lang='lat' dir='ltr'><strong>prodente</strong></span> <span class='ocrx_word' id='word_1_70' title='bbox 472 1075 509 1134; x_wconf 89' lang='lat' dir='ltr'><strong>ad</strong></span> <span class='ocrx_word' id='word_1_71' title='bbox 522 1073 724 1153; x_wconf 79' lang='lat' dir='ltr'><strong>Olympiadem</strong></span> <span class='ocrx_word' id='word_1_72' title='bbox 741 1081 865 1134; x_wconf 89' lang='lat' dir='ltr'><strong>matrem</strong></span> <span class='ocrx_word' id='word_1_73' title='bbox 880 1074 983 1135; x_wconf 85' lang='lat' dir='ltr'><strong>scribit</strong></span> <span class='ocrx_word' id='word_1_74' title='bbox 992 1077 1166 1148; x_wconf 75' lang='lat' dir='ltr'><strong>Alexander¹</strong></span> <span class='ocrx_word' id='word_1_75' title='bbox 1181 1079 1281 1155; x_wconf 88' lang='lat' dir='ltr'><strong>legant</strong></span> 
     </span>
    </p>
   </div>
   <div class='ocr_carea' id='block_1_7' title="bbox 126 1171 1279 1261">
    <p class='ocr_par' dir='ltr' id='par_1_7' title="bbox 126 1171 1279 1261">
     <span class='ocr_line' id='line_1_10' title="bbox 126 1171 1279 1261; baseline 0.004 -27"><span class='ocrx_word' id='word_1_76' title='bbox 126 1179 182 1254; x_wconf 92' lang='lat' dir='ltr'><strong>qui</strong></span> <span class='ocrx_word' id='word_1_77' title='bbox 205 1176 311 1236; x_wconf 78' lang='lat' dir='ltr'><strong>volunt</strong></span> <span class='ocrx_word' id='word_1_78' title='bbox 333 1176 379 1234; x_wconf 85' lang='lat' dir='ltr'><strong>vel</strong></span> <span class='ocrx_word' id='word_1_79' title='bbox 401 1171 539 1253; x_wconf 86' lang='lat' dir='ltr'><strong>possunt‘</strong></span> <span class='ocrx_word' id='word_1_80' title='bbox 563 1182 594 1235; x_wconf 90' lang='lat' dir='ltr'><strong>et</strong></span> <span class='ocrx_word' id='word_1_81' title='bbox 615 1181 718 1253; x_wconf 88' lang='lat' dir='ltr'><strong>aperte</strong></span> <span class='ocrx_word' id='word_1_82' title='bbox 733 1177 812 1253; x_wconf 84' lang='lat' dir='ltr'><strong>apud</strong></span> <span class='ocrx_word' id='word_1_83' title='bbox 824 1175 987 1236; x_wconf 88' lang='lat' dir='ltr'><strong>Diodorum</strong></span> <span class='ocrx_word' id='word_1_84' title='bbox 1008 1179 1133 1238; x_wconf 84' lang='lat' dir='ltr'><strong>inveniri</strong></span> <span class='ocrx_word' id='word_1_85' title='bbox 1148 1171 1173 1259; x_wconf 85' lang='lat'><strong>[1</strong></span> <span class='ocrx_word' id='word_1_86' title='bbox 1187 1183 1235 1252; x_wconf 89' lang='grc'><strong>16,</strong></span> <span class='ocrx_word' id='word_1_87' title='bbox 1249 1171 1279 1261; x_wconf 82' lang='grc'><strong>2]</strong></span> 
     </span>
    </p>
   </div>
   <div class='ocr_carea' id='block_1_8' title="bbox 15 1262 1281 1465">
    <p class='ocr_par' dir='ltr' id='par_1_8' title="bbox 15 1262 1281 1465">
     <span class='ocr_line' id='line_1_11' title="bbox 15 1262 1281 1358; baseline 0.003 -22"><span class='ocrx_word' id='word_1_88' title='bbox 15 1345 16 1350; x_wconf 13' lang='lat'>¹</span> <span class='ocrx_word' id='word_1_89' title='bbox 126 1262 263 1338; x_wconf 74' lang='grc' dir='ltr'><em>καθόλου</em></span> <span class='ocrx_word' id='word_1_90' title='bbox 298 1274 330 1338; x_wconf 86' lang='grc' dir='ltr'><strong>δὲ</strong></span> <span class='ocrx_word' id='word_1_91' title='bbox 361 1272 427 1348; x_wconf 73' lang='grc' dir='ltr'><em>τοὺς</em></span> <span class='ocrx_word' id='word_1_92' title='bbox 457 1275 522 1356; x_wconf 75' lang='grc' dir='ltr'><em>περὶ</em></span> <span class='ocrx_word' id='word_1_93' title='bbox 553 1274 603 1336; x_wconf 84' lang='grc' dir='ltr'><strong>τὸν</strong></span> <span class='ocrx_word' id='word_1_94' title='bbox 630 1272 739 1355; x_wconf 83' lang='grc' dir='ltr'><em>Ὄσιριν</em></span> <span class='ocrx_word' id='word_1_95' title='bbox 770 1271 869 1336; x_wconf 75' lang='grc' dir='ltr'><em>τοῦτον</em></span> <span class='ocrx_word' id='word_1_96' title='bbox 899 1271 1014 1354; x_wconf 80' lang='grc' dir='ltr'><em>ἔχοντας</em></span> <span class='ocrx_word' id='word_1_97' title='bbox 1045 1273 1281 1358; x_wconf 75' lang='grc' dir='ltr'><em>ἱερογραμματέα</em></span> 
     </span>
     <span class='ocr_line' id='line_1_12' title="bbox 15 1373 1281 1465; baseline 0.003 -27"><span class='ocrx_word' id='word_1_98' title='bbox 15 1417 16 1424; x_wconf 52' lang='grc' dir='ltr'><em>ι</em></span> <span class='ocrx_word' id='word_1_99' title='bbox 124 1375 232 1440; x_wconf 76' lang='grc' dir='ltr'><em>ἅπαντ’</em></span> <span class='ocrx_word' id='word_1_100' title='bbox 266 1375 347 1464; x_wconf 73' lang='grc' dir='ltr'><em>αὐτῷ</em></span> <span class='ocrx_word' id='word_1_101' title='bbox 380 1377 678 1456; x_wconf 75' lang='grc' dir='ltr'><em>προςανακοινοῦσθιτι</em></span> <span class='ocrx_word' id='word_1_102' title='bbox 710 1377 759 1436; x_wconf 79' lang='grc' dir='ltr'><strong>καὶ</strong></span> <span class='ocrx_word' id='word_1_103' title='bbox 793 1373 921 1455; x_wconf 83' lang='grc' dir='ltr'><em>μάλιστα</em></span> <span class='ocrx_word' id='word_1_104' title='bbox 949 1379 1085 1457; x_wconf 77' lang='grc' dir='ltr'><em>χρῆσθαι</em></span> <span class='ocrx_word' id='word_1_105' title='bbox 1107 1385 1153 1465; x_wconf 84' lang='grc' dir='ltr'><strong>τῇ</strong></span> <span class='ocrx_word' id='word_1_106' title='bbox 1181 1377 1281 1442; x_wconf 83' lang='grc' dir='ltr'><em>τούτου</em></span> 
     </span>
    </p>
   </div>
   <div class='ocr_carea' id='block_1_9' title="bbox 126 1473 1278 1566">
    <p class='ocr_par' dir='ltr' id='par_1_9' title="bbox 126 1473 1278 1566">
     <span class='ocr_line' id='line_1_13' title="bbox 126 1473 1278 1566; baseline 0.003 -27"><span class='ocrx_word' id='word_1_107' title='bbox 126 1476 354 1558; x_wconf 74' lang='grc' dir='ltr'><em>συμβουλίᾳοί.</em></span> <span class='ocrx_word' id='word_1_108' title='bbox 380 1481 428 1547; x_wconf 88' lang='grc'><strong>17,</strong></span> <span class='ocrx_word' id='word_1_109' title='bbox 445 1482 472 1538; x_wconf 89' lang='grc'><strong>3.</strong></span> <span class='ocrx_word' id='word_1_110' title='bbox 525 1480 604 1552; x_wconf 76' lang='lat' dir='ltr'><strong>Quae</strong></span> <span class='ocrx_word' id='word_1_111' title='bbox 631 1499 701 1539; x_wconf 86' lang='lat' dir='ltr'><strong>vero</strong></span> <span class='ocrx_word' id='word_1_112' title='bbox 722 1479 867 1539; x_wconf 90' lang='lat' dir='ltr'><strong>Minucius</strong></span> <span class='ocrx_word' id='word_1_113' title='bbox 895 1479 979 1538; x_wconf 81' lang='lat' dir='ltr'><strong>Felix</strong></span> <span class='ocrx_word' id='word_1_114' title='bbox 1000 1483 1130 1541; x_wconf 87' lang='lat' dir='ltr'><strong>servavit</strong></span> <span class='ocrx_word' id='word_1_115' title='bbox 1152 1473 1187 1566; x_wconf 89' lang='lat' dir='ltr'><strong>[c.</strong></span> <span class='ocrx_word' id='word_1_116' title='bbox 1210 1474 1278 1566; x_wconf 83' lang='lat' dir='ltr'><strong>2l]:</strong></span> 
     </span>
    </p>
   </div>
   <div class='ocr_carea' id='block_1_10' title="bbox 15 1577 1281 1674">
    <p class='ocr_par' dir='ltr' id='par_1_10' title="bbox 15 1577 1281 1674">
     <span class='ocr_line' id='line_1_14' title="bbox 15 1577 1281 1674; baseline 0.003 -34"><span class='ocrx_word' id='word_1_117' title='bbox 15 1617 16 1674; x_wconf 27' lang='grc' dir='ltr'><em>ρ</em></span> <span class='ocrx_word' id='word_1_118' title='bbox 123 1577 314 1642; x_wconf 78' lang='lat' dir='ltr'><strong>‘Alexander</strong></span> <span class='ocrx_word' id='word_1_119' title='bbox 335 1583 386 1641; x_wconf 91' lang='lat' dir='ltr'><strong>ille</strong></span> <span class='ocrx_word' id='word_1_120' title='bbox 404 1579 530 1657; x_wconf 88' lang='lat' dir='ltr'><strong>Magnus</strong></span> <span class='ocrx_word' id='word_1_121' title='bbox 551 1582 658 1657; x_wconf 82' lang='lat' dir='ltr'><strong>insigni</strong></span> <span class='ocrx_word' id='word_1_122' title='bbox 680 1581 825 1641; x_wconf 88' lang='lat' dir='ltr'><strong>volumine</strong></span> <span class='ocrx_word' id='word_1_123' title='bbox 847 1580 885 1640; x_wconf 89' lang='lat' dir='ltr'><strong>ad</strong></span> <span class='ocrx_word' id='word_1_124' title='bbox 912 1587 1035 1640; x_wconf 88' lang='lat' dir='ltr'><strong>matrem</strong></span> <span class='ocrx_word' id='word_1_125' title='bbox 1057 1603 1141 1643; x_wconf 89' lang='lat' dir='ltr'><strong>suam</strong></span> <span class='ocrx_word' id='word_1_126' title='bbox 1162 1586 1281 1663; x_wconf 79' lang='lat' dir='ltr'><strong>scripsit</strong></span> 
     </span>
    </p>
   </div>
   <div class='ocr_carea' id='block_1_11' title="bbox 127 1667 1281 1760">
    <p class='ocr_par' dir='ltr' id='par_1_11' title="bbox 127 1667 1281 1760">
     <span class='ocr_line' id='line_1_15' title="bbox 127 1667 1281 1760; baseline 0 -18"><span class='ocrx_word' id='word_1_127' title='bbox 127 1691 211 1744; x_wconf 88' lang='lat' dir='ltr'><strong>metu</strong></span> <span class='ocrx_word' id='word_1_128' title='bbox 234 1703 303 1743; x_wconf 88' lang='lat' dir='ltr'><strong>suae</strong></span> <span class='ocrx_word' id='word_1_129' title='bbox 325 1685 482 1760; x_wconf 87' lang='lat' dir='ltr'><strong>potestatis</strong></span> <span class='ocrx_word' id='word_1_130' title='bbox 504 1682 653 1760; x_wconf 89' lang='lat' dir='ltr'><strong>proditum</strong></span> <span class='ocrx_word' id='word_1_131' title='bbox 676 1682 733 1742; x_wconf 92' lang='lat' dir='ltr'><strong>sibi</strong></span> <span class='ocrx_word' id='word_1_132' title='bbox 759 1681 795 1740; x_wconf 90' lang='lat' dir='ltr'><strong>de</strong></span> <span class='ocrx_word' id='word_1_133' title='bbox 825 1682 880 1741; x_wconf 89' lang='lat' dir='ltr'><strong>diis</strong></span> <span class='ocrx_word' id='word_1_134' title='bbox 903 1681 1069 1742; x_wconf 89' lang='lat' dir='ltr'><strong>hominibus</strong></span> <span class='ocrx_word' id='word_1_135' title='bbox 1091 1704 1109 1743; x_wconf 85' lang='lat' dir='ltr'><strong>a</strong></span> <span class='ocrx_word' id='word_1_136' title='bbox 1129 1667 1281 1744; x_wconf 83' lang='lat' dir='ltr'><strong>sacerdote</strong></span> 
     </span>
    </p>
   </div>
   <div class='ocr_carea' id='block_1_12' title="bbox 15 1783 1280 1963">
    <p class='ocr_par' dir='ltr' id='par_1_12' title="bbox 15 1783 1280 1963">
     <span class='ocr_line' id='line_1_16' title="bbox 15 1783 1279 1863; baseline 0.003 -23"><span class='ocrx_word' id='word_1_137' title='bbox 15 1837 16 1840; x_wconf 74' lang='grc'>,</span> <span class='ocrx_word' id='word_1_138' title='bbox 128 1789 290 1844; x_wconf 85' lang='lat' dir='ltr'><strong>secretum:</strong></span> <span class='ocrx_word' id='word_1_139' title='bbox 313 1785 372 1843; x_wconf 93' lang='lat' dir='ltr'><strong>illic</strong></span> <span class='ocrx_word' id='word_1_140' title='bbox 394 1785 553 1843; x_wconf 90' lang='lat' dir='ltr'><strong>Volcanum</strong></span> <span class='ocrx_word' id='word_1_141' title='bbox 584 1783 657 1852; x_wconf 82' lang='lat' dir='ltr'><strong>facit</strong></span> <span class='ocrx_word' id='word_1_142' title='bbox 688 1784 816 1842; x_wconf 89' lang='lat' dir='ltr'><strong>omnium</strong></span> <span class='ocrx_word' id='word_1_143' title='bbox 843 1783 1004 1860; x_wconf 89' lang='lat' dir='ltr'><strong>principem</strong></span> <span class='ocrx_word' id='word_1_144' title='bbox 1027 1788 1056 1842; x_wconf 92' lang='lat' dir='ltr'><strong>et</strong></span> <span class='ocrx_word' id='word_1_145' title='bbox 1076 1791 1181 1863; x_wconf 89' lang='lat' dir='ltr'><strong>postea</strong></span> <span class='ocrx_word' id='word_1_146' title='bbox 1202 1785 1279 1845; x_wconf 86' lang='lat' dir='ltr'><strong>lovis</strong></span> 
     </span>
     <span class='ocr_line' id='line_1_17' title="bbox 15 1879 1280 1963; baseline 0.001 -19"><span class='ocrx_word' id='word_1_147' title='bbox 15 1907 16 1936; x_wconf 53' lang='grc' dir='ltr'><em>ι</em></span> <span class='ocrx_word' id='word_1_148' title='bbox 127 1882 272 1962; x_wconf 68' lang='lat' dir='ltr'><strong>gentem,</strong></span> <span class='ocrx_word' id='word_1_149' title='bbox 294 1886 337 1944; x_wconf 87' lang='lat' dir='ltr'><strong>ita</strong></span> <span class='ocrx_word' id='word_1_150' title='bbox 354 1885 433 1963; x_wconf 87' lang='lat' dir='ltr'><strong>apud</strong></span> <span class='ocrx_word' id='word_1_151' title='bbox 445 1885 606 1945; x_wconf 87' lang='lat' dir='ltr'><strong>Diodorum</strong></span> <span class='ocrx_word' id='word_1_152' title='bbox 621 1879 646 1960; x_wconf 86' lang='lat'><strong>¹)</strong></span> <span class='ocrx_word' id='word_1_153' title='bbox 668 1886 794 1944; x_wconf 89' lang='lat' dir='ltr'><strong>redeunt</strong></span> <span class='ocrx_word' id='word_1_154' title='bbox 815 1891 849 1943; x_wconf 89' lang='lat' dir='ltr'><strong>ut</strong></span> <span class='ocrx_word' id='word_1_155' title='bbox 872 1885 922 1943; x_wconf 87' lang='lat' dir='ltr'><strong>alii</strong></span> <span class='ocrx_word' id='word_1_156' title='bbox 943 1884 1060 1944; x_wconf 86' lang='lat' dir='ltr'><strong>fabulae</strong></span> <span class='ocrx_word' id='word_1_157' title='bbox 1075 1905 1150 1962; x_wconf 86' lang='lat' dir='ltr'><strong>quae</strong></span> <span class='ocrx_word' id='word_1_158' title='bbox 1164 1889 1280 1962; x_wconf 86' lang='lat' dir='ltr'><strong>integra</strong></span> 
     </span>
    </p>
   </div>
   <div class='ocr_carea' id='block_1_13' title="bbox 128 1975 1280 2264">
    <p class='ocr_par' dir='ltr' id='par_1_13' title="bbox 128 1975 1280 2264">
     <span class='ocr_line' id='line_1_18' title="bbox 128 1975 1280 2067; baseline 0.002 -23"><span class='ocrx_word' id='word_1_159' title='bbox 128 1987 210 2064; x_wconf 86' lang='lat' dir='ltr'><strong>apud</strong></span> <span class='ocrx_word' id='word_1_160' title='bbox 231 1985 422 2046; x_wconf 83' lang='lat' dir='ltr'><strong>Plutarchum</strong></span> <span class='ocrx_word' id='word_1_161' title='bbox 447 1975 495 2067; x_wconf 84' lang='lat' dir='ltr'><strong>[de</strong></span> <span class='ocrx_word' id='word_1_162' title='bbox 517 1986 552 2046; x_wconf 88' lang='lat' dir='ltr'><strong>Is.</strong></span> <span class='ocrx_word' id='word_1_163' title='bbox 576 1991 606 2045; x_wconf 90' lang='lat' dir='ltr'><strong>et</strong></span> <span class='ocrx_word' id='word_1_164' title='bbox 625 1985 701 2046; x_wconf 90' lang='lat' dir='ltr'><strong>Osir.</strong></span> <span class='ocrx_word' id='word_1_165' title='bbox 728 1976 776 2066; x_wconf 82' lang='lat'><strong>12]</strong></span> <span class='ocrx_word' id='word_1_166' title='bbox 807 1991 899 2058; x_wconf 87' lang='lat' dir='ltr'><strong>extat,</strong></span> <span class='ocrx_word' id='word_1_167' title='bbox 928 2006 1033 2064; x_wconf 87' lang='lat' dir='ltr'><strong>parum</strong></span> <span class='ocrx_word' id='word_1_168' title='bbox 1058 1992 1129 2065; x_wconf 90' lang='lat' dir='ltr'><strong>apte</strong></span> <span class='ocrx_word' id='word_1_169' title='bbox 1151 1988 1280 2065; x_wconf 86' lang='lat' dir='ltr'><strong>interpo-</strong></span> 
     </span>
     <span class='ocr_line' id='line_1_19' title="bbox 130 2087 1279 2166; baseline 0 -20"><span class='ocrx_word' id='word_1_170' title='bbox 130 2091 238 2148; x_wconf 91' lang='lat' dir='ltr'><strong>lentur.</strong></span> <span class='ocrx_word' id='word_1_171' title='bbox 283 2089 345 2147; x_wconf 91' lang='lat' dir='ltr'><strong>lllic</strong></span> <span class='ocrx_word' id='word_1_172' title='bbox 368 2090 442 2146; x_wconf 89' lang='lat' dir='ltr'><strong>enim</strong></span> <span class='ocrx_word' id='word_1_173' title='bbox 466 2089 595 2166; x_wconf 88' lang='lat' dir='ltr'><strong>quinque</strong></span> <span class='ocrx_word' id='word_1_174' title='bbox 616 2088 664 2146; x_wconf 88' lang='lat' dir='ltr'><strong>dei</strong></span> <span class='ocrx_word' id='word_1_175' title='bbox 687 2088 779 2148; x_wconf 92' lang='lat' dir='ltr'><strong>Osiris</strong></span> <span class='ocrx_word' id='word_1_176' title='bbox 803 2087 857 2146; x_wconf 88' lang='lat' dir='ltr'><strong>leis</strong></span> <span class='ocrx_word' id='word_1_177' title='bbox 880 2087 984 2165; x_wconf 85' lang='lat' dir='ltr'><strong>Typho</strong></span> <span class='ocrx_word' id='word_1_178' title='bbox 999 2087 1106 2164; x_wconf 85' lang='lat' dir='ltr'><strong>Apollo</strong></span> <span class='ocrx_word' id='word_1_179' title='bbox 1131 2087 1227 2146; x_wconf 88' lang='lat' dir='ltr'><strong>Venus</strong></span> <span class='ocrx_word' id='word_1_180' title='bbox 1244 2107 1279 2146; x_wconf 85' lang='lat' dir='ltr'><strong>ex</strong></span> 
     </span>
     <span class='ocr_line' id='line_1_20' title="bbox 128 2187 1279 2264; baseline -0.002 -16"><span class='ocrx_word' id='word_1_181' title='bbox 128 2189 259 2248; x_wconf 87' lang='lat' dir='ltr'><strong>Saturno</strong></span> <span class='ocrx_word' id='word_1_182' title='bbox 281 2196 310 2248; x_wconf 86' lang='lat' dir='ltr'><strong>ct</strong></span> <span class='ocrx_word' id='word_1_183' title='bbox 332 2189 414 2248; x_wconf 87' lang='lat' dir='ltr'><strong>Rhea</strong></span> <span class='ocrx_word' id='word_1_184' title='bbox 444 2189 537 2264; x_wconf 91' lang='lat' dir='ltr'><strong>geniti</strong></span> <span class='ocrx_word' id='word_1_185' title='bbox 570 2207 632 2247; x_wconf 89' lang='lat' dir='ltr'><strong>esse</strong></span> <span class='ocrx_word' id='word_1_186' title='bbox 664 2188 816 2263; x_wconf 82' lang='lat' dir='ltr'><strong>feruntur3</strong></span> <span class='ocrx_word' id='word_1_187' title='bbox 851 2187 995 2246; x_wconf 86' lang='lat' dir='ltr'><strong>Diodorus</strong></span> <span class='ocrx_word' id='word_1_188' title='bbox 1017 2187 1088 2247; x_wconf 89' lang='lat' dir='ltr'><strong>Iove</strong></span> <span class='ocrx_word' id='word_1_189' title='bbox 1115 2193 1145 2247; x_wconf 90' lang='lat' dir='ltr'><strong>et</strong></span> <span class='ocrx_word' id='word_1_190' title='bbox 1166 2188 1279 2247; x_wconf 89' lang='lat' dir='ltr'><strong>Iunone</strong></span> 
     </span>
    </p>
   </div>
   <div class='ocr_carea' id='block_1_14' title="bbox 15 2289 1280 2368">
    <p class='ocr_par' dir='ltr' id='par_1_14' title="bbox 15 2289 1280 2368">
     <span class='ocr_line' id='line_1_21' title="bbox 15 2289 1280 2368; baseline -0.002 -20"><span class='ocrx_word' id='word_1_191' title='bbox 15 2327 16 2334; x_wconf 52' lang='grc' dir='ltr'><em>ι</em></span> <span class='ocrx_word' id='word_1_192' title='bbox 127 2290 316 2368; x_wconf 82' lang='lat' dir='ltr'><strong>interpolatis</strong></span> <span class='ocrx_word' id='word_1_193' title='bbox 348 2289 464 2348; x_wconf 83' lang='lat' dir='ltr'><strong>fabulae</strong></span> <span class='ocrx_word' id='word_1_194' title='bbox 497 2295 702 2366; x_wconf 79' lang='lat' dir='ltr'><strong>argumentum</strong></span> <span class='ocrx_word' id='word_1_195' title='bbox 732 2289 866 2348; x_wconf 86' lang='lat' dir='ltr'><strong>confudit</strong></span> <span class='ocrx_word' id='word_1_196' title='bbox 897 2294 927 2347; x_wconf 88' lang='lat' dir='ltr'><strong>et</strong></span> <span class='ocrx_word' id='word_1_197' title='bbox 955 2308 1060 2366; x_wconf 86' lang='lat' dir='ltr'><strong>parum</strong></span> <span class='ocrx_word' id='word_1_198' title='bbox 1082 2289 1159 2348; x_wconf 87' lang='lat' dir='ltr'><strong>clare</strong></span> <span class='ocrx_word' id='word_1_199' title='bbox 1180 2291 1280 2367; x_wconf 90' lang='lat' dir='ltr'><strong>pergit</strong></span> 
     </span>
    </p>
   </div>
   <div class='ocr_carea' id='block_1_15' title="bbox 129 2382 1279 2873">
    <p class='ocr_par' dir='ltr' id='par_1_15' title="bbox 129 2382 1279 2560">
     <span class='ocr_line' id='line_1_22' title="bbox 130 2382 1279 2473; baseline -0.001 -23"><span class='ocrx_word' id='word_1_200' title='bbox 130 2383 160 2473; x_wconf 83' lang='grc' dir='ltr'><strong>[Ι</strong></span> <span class='ocrx_word' id='word_1_201' title='bbox 178 2395 225 2468; x_wconf 85' lang='grc'><strong>13,</strong></span> <span class='ocrx_word' id='word_1_202' title='bbox 241 2382 272 2472; x_wconf 79' lang='lat'><strong>4]</strong></span> <span class='ocrx_word' id='word_1_203' title='bbox 306 2387 338 2449; x_wconf 79' lang='grc' dir='ltr'><strong>ἐκ</strong></span> <span class='ocrx_word' id='word_1_204' title='bbox 370 2385 401 2448; x_wconf 80' lang='grc' dir='ltr'><strong>δὲ</strong></span> <span class='ocrx_word' id='word_1_205' title='bbox 433 2384 562 2448; x_wconf 72' lang='grc' dir='ltr'><em>τούτων</em></span> <span class='ocrx_word' id='word_1_206' title='bbox 591 2384 728 2468; x_wconf 78' lang='grc' dir='ltr'><em>γενέσθαι</em></span> <span class='ocrx_word' id='word_1_207' title='bbox 757 2383 838 2450; x_wconf 81' lang='grc' dir='ltr'><em>πέντε</em></span> <span class='ocrx_word' id='word_1_208' title='bbox 865 2384 963 2460; x_wconf 75' lang='grc' dir='ltr'><em>θεούς,</em></span> <span class='ocrx_word' id='word_1_209' title='bbox 1008 2391 1088 2463; x_wconf 76' lang='lat' dir='ltr'><strong>Quae</strong></span> <span class='ocrx_word' id='word_1_210' title='bbox 1110 2409 1180 2450; x_wconf 90' lang='lat' dir='ltr'><strong>vero</strong></span> <span class='ocrx_word' id='word_1_211' title='bbox 1202 2391 1279 2449; x_wconf 88' lang='lat' dir='ltr'><strong>infra</strong></span> 
     </span>
     <span class='ocr_line' id='line_1_23' title="bbox 129 2491 869 2560; baseline 0 -9"><span class='ocrx_word' id='word_1_212' title='bbox 129 2499 290 2552; x_wconf 85' lang='lat' dir='ltr'><strong>narrantur</strong></span> <span class='ocrx_word' id='word_1_213' title='bbox 309 2493 416 2550; x_wconf 87' lang='lat' dir='ltr'><strong>Leonis</strong></span> <span class='ocrx_word' id='word_1_214' title='bbox 437 2491 539 2550; x_wconf 81' lang='lat' dir='ltr'><strong>fabula</strong></span> <span class='ocrx_word' id='word_1_215' title='bbox 561 2493 614 2552; x_wconf 91' lang='lat' dir='ltr'><strong>niti</strong></span> <span class='ocrx_word' id='word_1_216' title='bbox 636 2492 722 2551; x_wconf 89' lang='lat' dir='ltr'><strong>docct</strong></span> <span class='ocrx_word' id='word_1_217' title='bbox 743 2493 759 2550; x_wconf 93' lang='grc' dir='ltr'>Ι</span> <span class='ocrx_word' id='word_1_218' title='bbox 778 2495 825 2560; x_wconf 85' lang='grc'><strong>15,</strong></span> <span class='ocrx_word' id='word_1_219' title='bbox 842 2493 869 2551; x_wconf 85' lang='grc'><strong>3.</strong></span> 
     </span>
    </p>

    <p class='ocr_par' dir='ltr' id='par_1_16' title="bbox 129 2595 1276 2873">
     <span class='ocr_line' id='line_1_24' title="bbox 232 2595 1276 2672; baseline 0 -19"><span class='ocrx_word' id='word_1_220' title='bbox 232 2595 276 2655; x_wconf 84' lang='lat' dir='ltr'><strong>Ea</strong></span> <span class='ocrx_word' id='word_1_221' title='bbox 296 2597 388 2669; x_wconf 88' lang='lat' dir='ltr'><strong>igitur</strong></span> <span class='ocrx_word' id='word_1_222' title='bbox 408 2595 522 2652; x_wconf 88' lang='lat' dir='ltr'><strong>ratione</strong></span> <span class='ocrx_word' id='word_1_223' title='bbox 550 2613 620 2653; x_wconf 88' lang='lat' dir='ltr'><strong>usus</strong></span> <span class='ocrx_word' id='word_1_224' title='bbox 649 2595 776 2671; x_wconf 86' lang='lat' dir='ltr'><strong>scriptor</strong></span> <span class='ocrx_word' id='word_1_225' title='bbox 798 2596 854 2653; x_wconf 88' lang='lat' dir='ltr'><strong>iste</strong></span> <span class='ocrx_word' id='word_1_226' title='bbox 873 2596 1007 2670; x_wconf 79' lang='lat' dir='ltr'><strong>volgatas</strong></span> <span class='ocrx_word' id='word_1_227' title='bbox 1029 2595 1073 2654; x_wconf 90' lang='lat' dir='ltr'><strong>de-</strong></span> <span class='ocrx_word' id='word_1_228' title='bbox 1086 2595 1142 2654; x_wconf 88' lang='lat' dir='ltr'><strong>diis</strong></span> <span class='ocrx_word' id='word_1_229' title='bbox 1165 2596 1276 2672; x_wconf 92' lang='lat' dir='ltr'><strong>opinio-</strong></span> 
     </span>
     <span class='ocr_line' id='line_1_25' title="bbox 130 2695 1275 2773; baseline -0.002 -17"><span class='ocrx_word' id='word_1_230' title='bbox 130 2717 181 2756; x_wconf 87' lang='lat' dir='ltr'><strong>nes</strong></span> <span class='ocrx_word' id='word_1_231' title='bbox 203 2701 293 2772; x_wconf 86' lang='lat' dir='ltr'><strong>atque</strong></span> <span class='ocrx_word' id='word_1_232' title='bbox 315 2715 427 2754; x_wconf 86' lang='lat' dir='ltr'><strong>omnem</strong></span> <span class='ocrx_word' id='word_1_233' title='bbox 452 2695 621 2770; x_wconf 88' lang='lat' dir='ltr'><strong>religionem</strong></span> <span class='ocrx_word' id='word_1_234' title='bbox 642 2695 824 2755; x_wconf 82' lang='lat' dir='ltr'><strong>tollebat‘ut</strong></span> <span class='ocrx_word' id='word_1_235' title='bbox 846 2715 948 2773; x_wconf 88' lang='lat' dir='ltr'><strong>regum</strong></span> <span class='ocrx_word' id='word_1_236' title='bbox 971 2696 1007 2755; x_wconf 89' lang='lat' dir='ltr'><strong>de</strong></span> <span class='ocrx_word' id='word_1_237' title='bbox 1029 2715 1135 2772; x_wconf 86' lang='lat' dir='ltr'><strong>genere</strong></span> <span class='ocrx_word' id='word_1_238' title='bbox 1148 2696 1275 2755; x_wconf 88' lang='lat' dir='ltr'><strong>humano</strong></span> 
     </span>
     <span class='ocr_line' id='line_1_26' title="bbox 129 2795 1274 2873; baseline 0.002 -21"><span class='ocrx_word' id='word_1_239' title='bbox 129 2795 202 2854; x_wconf 89' lang='lat' dir='ltr'><strong>bene</strong></span> <span class='ocrx_word' id='word_1_240' title='bbox 219 2796 388 2853; x_wconf 90' lang='lat' dir='ltr'><strong>meritorum</strong></span> <span class='ocrx_word' id='word_1_241' title='bbox 399 2797 546 2854; x_wconf 91' lang='lat' dir='ltr'><strong>memoriis</strong></span> <span class='ocrx_word' id='word_1_242' title='bbox 569 2797 616 2873; x_wconf 86' lang='lat' dir='ltr'><strong>pie</strong></span> <span class='ocrx_word' id='word_1_243' title='bbox 638 2804 705 2873; x_wconf 88' lang='lat' dir='ltr'><strong>post</strong></span> <span class='ocrx_word' id='word_1_244' title='bbox 725 2800 834 2855; x_wconf 90' lang='lat' dir='ltr'><strong>mortes</strong></span> <span class='ocrx_word' id='word_1_245' title='bbox 854 2796 941 2854; x_wconf 92' lang='lat' dir='ltr'><strong>cultis</strong></span> <span class='ocrx_word' id='word_1_246' title='bbox 958 2795 1071 2855; x_wconf 87' lang='lat' dir='ltr'><strong>divinos</strong></span> <span class='ocrx_word' id='word_1_247' title='bbox 1094 2798 1170 2856; x_wconf 87' lang='lat' dir='ltr'><strong>ritus</strong></span> <span class='ocrx_word' id='word_1_248' title='bbox 1186 2801 1274 2872; x_wconf 86' lang='lat' dir='ltr'><strong>atque</strong></span> 
     </span>
    </p>
   </div>
   <div class='ocr_carea' id='block_1_16' title="bbox 132 2895 1381 2986">
    <p class='ocr_par' dir='ltr' id='par_1_17' title="bbox 132 2895 1381 2986">
     <span class='ocr_line' id='line_1_27' title="bbox 132 2895 1381 2986; baseline 0.001 -32"><span class='ocrx_word' id='word_1_249' title='bbox 132 2897 356 2972; x_wconf 84' lang='lat' dir='ltr'><strong>superstitiones</strong></span> <span class='ocrx_word' id='word_1_250' title='bbox 369 2898 476 2954; x_wconf 84' lang='lat' dir='ltr'><strong>sensim</strong></span> <span class='ocrx_word' id='word_1_251' title='bbox 488 2903 518 2955; x_wconf 92' lang='lat' dir='ltr'><strong>et</strong></span> <span class='ocrx_word' id='word_1_252' title='bbox 532 2896 741 2974; x_wconf 87' lang='lat' dir='ltr'><strong>pedetemptim</strong></span> <span class='ocrx_word' id='word_1_253' title='bbox 754 2896 930 2956; x_wconf 84' lang='lat' dir='ltr'><strong>increbuisse</strong></span> <span class='ocrx_word' id='word_1_254' title='bbox 943 2897 1132 2957; x_wconf 88' lang='lat' dir='ltr'><strong>contenderet</strong></span> <span class='ocrx_word' id='word_1_255' title='bbox 1138 2895 1163 2970; x_wconf 83' lang='lat'><strong>²)</strong></span> <span class='ocrx_word' id='word_1_256' title='bbox 1178 2897 1277 2956; x_wconf 89' lang='lat' dir='ltr'><strong>huius·</strong></span> <span class='ocrx_word' id='word_1_257' title='bbox 1376 2973 1381 2986; x_wconf 32' lang='grc' dir='ltr'>ι</span> 
     </span>
    </p>
   </div>
   <div class='ocr_carea' id='block_1_17' title="bbox 130 3174 1278 4576">
    <p class='ocr_par' dir='ltr' id='par_1_18' title="bbox 133 3174 1278 3776">
     <span class='ocr_line' id='line_1_28' title="bbox 233 3174 1278 3249; baseline 0.002 -20"><span class='ocrx_word' id='word_1_258' title='bbox 233 3177 259 3246; x_wconf 85' lang='grc'><strong>1)</strong></span> <span class='ocrx_word' id='word_1_259' title='bbox 272 3176 284 3230; x_wconf 94' lang='lat' dir='ltr'>I</span> <span class='ocrx_word' id='word_1_260' title='bbox 298 3179 366 3246; x_wconf 85' lang='lat'><strong>13,3</strong></span> <span class='ocrx_word' id='word_1_261' title='bbox 386 3179 450 3232; x_wconf 80' lang='grc' dir='ltr'><em>ἔνιοι</em></span> <span class='ocrx_word' id='word_1_262' title='bbox 472 3178 503 3231; x_wconf 78' lang='grc' dir='ltr'><strong>δὲ</strong></span> <span class='ocrx_word' id='word_1_263' title='bbox 524 3180 586 3231; x_wconf 82' lang='grc' dir='ltr'><strong>τῶν</strong></span> <span class='ocrx_word' id='word_1_264' title='bbox 604 3181 720 3245; x_wconf 82' lang='grc' dir='ltr'><em>ἱερέων</em></span> <span class='ocrx_word' id='word_1_265' title='bbox 739 3181 811 3249; x_wconf 86' lang='grc' dir='ltr'><em>φασὶ</em></span> <span class='ocrx_word' id='word_1_266' title='bbox 829 3174 1102 3248; x_wconf 81' lang='grc' dir='ltr'><em>πρῶτονἬφαιστον</em></span> <span class='ocrx_word' id='word_1_267' title='bbox 1119 3180 1278 3244; x_wconf 81' lang='grc' dir='ltr'><em>βασιλεῦσαι</em></span> 
     </span>
     <span class='ocr_line' id='line_1_29' title="bbox 133 3260 1278 3338; baseline 0.002 -20"><span class='ocrx_word' id='word_1_268' title='bbox 133 3305 158 3318; x_wconf 92' lang='grc'><strong>..</strong></span> <span class='ocrx_word' id='word_1_269' title='bbox 184 3304 190 3318; x_wconf 89' lang='grc'><strong>.</strong></span> <span class='ocrx_word' id='word_1_270' title='bbox 212 3262 317 3336; x_wconf 74' lang='grc' dir='ltr'><em>4μετίι</em></span> <span class='ocrx_word' id='word_1_271' title='bbox 338 3266 369 3320; x_wconf 79' lang='grc' dir='ltr'><strong>δὲ</strong></span> <span class='ocrx_word' id='word_1_272' title='bbox 397 3267 478 3318; x_wconf 77' lang='grc' dir='ltr'><em>ταῦτα</em></span> <span class='ocrx_word' id='word_1_273' title='bbox 498 3262 546 3320; x_wconf 84' lang='grc' dir='ltr'><strong>τὸν</strong></span> <span class='ocrx_word' id='word_1_274' title='bbox 565 3261 674 3336; x_wconf 77' lang='grc' dir='ltr'><em>Κρόνον</em></span> <span class='ocrx_word' id='word_1_275' title='bbox 692 3260 766 3336; x_wconf 70' lang='grc' dir='ltr'><em>ἄρξαι</em></span> <span class='ocrx_word' id='word_1_276' title='bbox 787 3270 833 3318; x_wconf 84' lang='grc' dir='ltr'><strong>καὶ</strong></span> <span class='ocrx_word' id='word_1_277' title='bbox 852 3261 978 3338; x_wconf 79' lang='grc' dir='ltr'><em>γῆμαννα</em></span> <span class='ocrx_word' id='word_1_278' title='bbox 997 3262 1046 3331; x_wconf 87' lang='grc' dir='ltr'><strong>τῆν</strong></span> <span class='ocrx_word' id='word_1_279' title='bbox 1063 3262 1188 3336; x_wconf 70' lang='grc' dir='ltr'><em>ἀδελφὴν</em></span> <span class='ocrx_word' id='word_1_280' title='bbox 1204 3265 1278 3320; x_wconf 87' lang='grc' dir='ltr'><em>Ῥέαν</em></span> 
     </span>
     <span class='ocr_line' id='line_1_30' title="bbox 133 3345 1278 3437; baseline 0.002 -32"><span class='ocrx_word' id='word_1_281' title='bbox 133 3353 260 3437; x_wconf 86' lang='grc' dir='ltr'><em>γεννῆσαι</em></span> <span class='ocrx_word' id='word_1_282' title='bbox 273 3352 340 3406; x_wconf 79' lang='grc' dir='ltr'><em>κατὰ</em></span> <span class='ocrx_word' id='word_1_283' title='bbox 350 3358 405 3425; x_wconf 85' lang='grc' dir='ltr'><strong>μέν</strong></span> <span class='ocrx_word' id='word_1_284' title='bbox 414 3372 487 3413; x_wconf 86' lang='grc' dir='ltr'><em>τινας</em></span> <span class='ocrx_word' id='word_1_285' title='bbox 496 3355 550 3407; x_wconf 82' lang='grc' dir='ltr'><strong>τῶν</strong></span> <span class='ocrx_word' id='word_1_286' title='bbox 559 3348 839 3425; x_wconf 82' lang='grc' dir='ltr'><em>μυθολόγωνὌσιριν</em></span> <span class='ocrx_word' id='word_1_287' title='bbox 850 3357 896 3408; x_wconf 79' lang='grc' dir='ltr'><strong>καὶ</strong></span> <span class='ocrx_word' id='word_1_288' title='bbox 906 3345 981 3421; x_wconf 80' lang='grc' dir='ltr'><em>Ἰσιν,</em></span> <span class='ocrx_word' id='word_1_289' title='bbox 1000 3350 1068 3406; x_wconf 81' lang='grc' dir='ltr'><em>κατὰ</em></span> <span class='ocrx_word' id='word_1_290' title='bbox 1078 3353 1110 3406; x_wconf 76' lang='grc' dir='ltr'><strong>δὲ</strong></span> <span class='ocrx_word' id='word_1_291' title='bbox 1126 3350 1188 3413; x_wconf 82' lang='grc' dir='ltr'><em>τοὺς</em></span> <span class='ocrx_word' id='word_1_292' title='bbox 1206 3356 1278 3407; x_wconf 91' lang='grc' dir='ltr'><em>πλεί-</em></span> 
     </span>
     <span class='ocr_line' id='line_1_31' title="bbox 136 3435 1277 3513; baseline 0.001 -19"><span class='ocrx_word' id='word_1_293' title='bbox 136 3457 212 3500; x_wconf 82' lang='grc' dir='ltr'><em>στους</em></span> <span class='ocrx_word' id='word_1_294' title='bbox 229 3446 283 3494; x_wconf 80' lang='lat' dir='ltr'><strong>Ala</strong></span> <span class='ocrx_word' id='word_1_295' title='bbox 301 3460 329 3495; x_wconf 88' lang='grc' dir='ltr'><strong>τε</strong></span> <span class='ocrx_word' id='word_1_296' title='bbox 348 3446 393 3495; x_wconf 87' lang='grc' dir='ltr'><strong>καὶ</strong></span> <span class='ocrx_word' id='word_1_297' title='bbox 405 3437 495 3511; x_wconf 79' lang='grc' dir='ltr'><em>Ἥραν</em></span> <span class='ocrx_word' id='word_1_298' title='bbox 513 3438 559 3501; x_wconf 76' lang='grc' dir='ltr'><em>οὓς</em></span> <span class='ocrx_word' id='word_1_299' title='bbox 576 3442 612 3494; x_wconf 83' lang='grc' dir='ltr'><em>δι’</em></span> <span class='ocrx_word' id='word_1_300' title='bbox 629 3440 725 3512; x_wconf 77' lang='grc' dir='ltr'><em>ἀρετὴν</em></span> <span class='ocrx_word' id='word_1_301' title='bbox 745 3442 905 3510; x_wconf 80' lang='grc' dir='ltr'><em>βασιλεῦσαι</em></span> <span class='ocrx_word' id='word_1_302' title='bbox 923 3443 970 3496; x_wconf 81' lang='grc' dir='ltr'><em>τοῦ</em></span> <span class='ocrx_word' id='word_1_303' title='bbox 990 3435 1150 3513; x_wconf 81' lang='grc' dir='ltr'><em>σύμπαντος</em></span> <span class='ocrx_word' id='word_1_304' title='bbox 1162 3436 1277 3513; x_wconf 85' lang='grc' dir='ltr'><em>κόσμου.</em></span> 
     </span>
     <span class='ocr_line' id='line_1_32' title="bbox 136 3529 1278 3602; baseline 0.002 -19"><span class='ocrx_word' id='word_1_305' title='bbox 136 3529 174 3584; x_wconf 85' lang='lat' dir='ltr'><strong>Ne</strong></span> <span class='ocrx_word' id='word_1_306' title='bbox 192 3535 309 3599; x_wconf 89' lang='lat' dir='ltr'><strong>propter</strong></span> <span class='ocrx_word' id='word_1_307' title='bbox 320 3531 435 3584; x_wconf 86' lang='lat' dir='ltr'><strong>Volcani</strong></span> <span class='ocrx_word' id='word_1_308' title='bbox 454 3530 528 3600; x_wconf 88' lang='lat' dir='ltr'><strong>ignis</strong></span> <span class='ocrx_word' id='word_1_309' title='bbox 549 3533 701 3600; x_wconf 88' lang='lat' dir='ltr'><strong>repertoris</strong></span> <span class='ocrx_word' id='word_1_310' title='bbox 721 3549 838 3602; x_wconf 88' lang='lat' dir='ltr'><strong>regnum</strong></span> <span class='ocrx_word' id='word_1_311' title='bbox 862 3531 897 3585; x_wconf 90' lang='lat' dir='ltr'><strong>de</strong></span> <span class='ocrx_word' id='word_1_312' title='bbox 914 3531 1044 3586; x_wconf 88' lang='lat' dir='ltr'><strong>Manetho</strong></span> <span class='ocrx_word' id='word_1_313' title='bbox 1062 3531 1212 3600; x_wconf 82' lang='lat' dir='ltr'><strong>cogitetur,</strong></span> <span class='ocrx_word' id='word_1_314' title='bbox 1230 3531 1278 3585; x_wconf 91' lang='lat' dir='ltr'><strong>ob·</strong></span> 
     </span>
     <span class='ocr_line' id='line_1_33' title="bbox 136 3619 1277 3688; baseline 0 -18"><span class='ocrx_word' id='word_1_315' title='bbox 136 3622 207 3672; x_wconf 85' lang='lat' dir='ltr'><strong>slent</strong></span> <span class='ocrx_word' id='word_1_316' title='bbox 235 3635 306 3688; x_wconf 87' lang='lat' dir='ltr'><strong>quae</strong></span> <span class='ocrx_word' id='word_1_317' title='bbox 336 3623 431 3673; x_wconf 87' lang='lat' dir='ltr'><strong>cetera</strong></span> <span class='ocrx_word' id='word_1_318' title='bbox 460 3624 488 3672; x_wconf 90' lang='lat' dir='ltr'><strong>et</strong></span> <span class='ocrx_word' id='word_1_319' title='bbox 516 3635 630 3687; x_wconf 90' lang='lat' dir='ltr'><strong>prorsus</strong></span> <span class='ocrx_word' id='word_1_320' title='bbox 656 3619 767 3674; x_wconf 87' lang='lat' dir='ltr'><strong>diversa</strong></span> <span class='ocrx_word' id='word_1_321' title='bbox 793 3637 827 3674; x_wconf 86' lang='lat' dir='ltr'><strong>ex</strong></span> <span class='ocrx_word' id='word_1_322' title='bbox 847 3619 905 3674; x_wconf 92' lang='lat' dir='ltr'><strong>eius</strong></span> <span class='ocrx_word' id='word_1_323' title='bbox 930 3620 1010 3674; x_wconf 86' lang='lat' dir='ltr'><strong>libris</strong></span> <span class='ocrx_word' id='word_1_324' title='bbox 1030 3621 1140 3672; x_wconf 87' lang='lat' dir='ltr'><strong>servata</strong></span> <span class='ocrx_word' id='word_1_325' title='bbox 1160 3623 1225 3672; x_wconf 89' lang='lat' dir='ltr'><strong>sunt</strong></span> <span class='ocrx_word' id='word_1_326' title='bbox 1243 3619 1277 3673; x_wconf 85' lang='lat' dir='ltr'><strong>cl.</strong></span> 
     </span>
     <span class='ocr_line' id='line_1_34' title="bbox 137 3706 415 3776; baseline 0 -16"><span class='ocrx_word' id='word_1_327' title='bbox 137 3706 208 3760; x_wconf 86' lang='lat' dir='ltr'><strong>FHG</strong></span> <span class='ocrx_word' id='word_1_328' title='bbox 228 3706 252 3760; x_wconf 93' lang='lat' dir='ltr'><strong>ll</strong></span> <span class='ocrx_word' id='word_1_329' title='bbox 271 3724 298 3776; x_wconf 92' lang='lat' dir='ltr'><strong>p.</strong></span> <span class='ocrx_word' id='word_1_330' title='bbox 313 3707 364 3760; x_wconf 83' lang='lat'><strong>526</strong></span> <span class='ocrx_word' id='word_1_331' title='bbox 376 3725 415 3776; x_wconf 87' lang='lat' dir='ltr'><strong>sq.</strong></span> 
     </span>
    </p>

    <p class='ocr_par' dir='ltr' id='par_1_19' title="bbox 130 3790 1278 4576">
     <span class='ocr_line' id='line_1_35' title="bbox 232 3790 1276 3866; baseline 0.002 -21"><span class='ocrx_word' id='word_1_332' title='bbox 232 3794 260 3864; x_wconf 85' lang='lat'><strong>2)</strong></span> <span class='ocrx_word' id='word_1_333' title='bbox 280 3794 356 3862; x_wconf 76' lang='lat' dir='ltr'><strong>Quae</strong></span> <span class='ocrx_word' id='word_1_334' title='bbox 386 3795 552 3850; x_wconf 87' lang='lat' dir='ltr'><strong>Plutarchus</strong></span> <span class='ocrx_word' id='word_1_335' title='bbox 581 3795 616 3866; x_wconf 89' lang='lat' dir='ltr'><strong>[d.</strong></span> <span class='ocrx_word' id='word_1_336' title='bbox 639 3796 673 3850; x_wconf 89' lang='lat' dir='ltr'><strong>ls.</strong></span> <span class='ocrx_word' id='word_1_337' title='bbox 703 3802 732 3850; x_wconf 87' lang='lat' dir='ltr'><strong>et</strong></span> <span class='ocrx_word' id='word_1_338' title='bbox 754 3796 824 3852; x_wconf 85' lang='lat' dir='ltr'><strong>Osir.</strong></span> <span class='ocrx_word' id='word_1_339' title='bbox 844 3797 885 3866; x_wconf 79' lang='lat'><strong>13]</strong></span> <span class='ocrx_word' id='word_1_340' title='bbox 914 3797 1014 3852; x_wconf 88' lang='lat' dir='ltr'><strong>tradit:</strong></span> <span class='ocrx_word' id='word_1_341' title='bbox 1046 3790 1223 3863; x_wconf 73' lang='grc' dir='ltr'><em>βασιλεύοντα</em></span> <span class='ocrx_word' id='word_1_342' title='bbox 1251 3796 1276 3847; x_wconf 79' lang='grc' dir='ltr'><strong>δ’</strong></span> 
     </span>
     <span class='ocr_line' id='line_1_36' title="bbox 130 3877 1277 3956; baseline 0.003 -22"><span class='ocrx_word' id='word_1_343' title='bbox 130 3877 230 3951; x_wconf 81' lang='grc' dir='ltr'><em>Ὄσιριν</em></span> <span class='ocrx_word' id='word_1_344' title='bbox 248 3884 417 3951; x_wconf 73' lang='grc' dir='ltr'><em>Αἰγυπτίους</em></span> <span class='ocrx_word' id='word_1_345' title='bbox 435 3884 492 3956; x_wconf 74' lang='grc' dir='ltr'><strong>μέν</strong></span> <span class='ocrx_word' id='word_1_346' title='bbox 510 3882 590 3943; x_wconf 80' lang='grc' dir='ltr'><em>εὐθὺς</em></span> <span class='ocrx_word' id='word_1_347' title='bbox 608 3880 714 3955; x_wconf 77' lang='grc' dir='ltr'><em>ἀπόρου</em></span> <span class='ocrx_word' id='word_1_348' title='bbox 732 3890 793 3954; x_wconf 81' lang='grc' dir='ltr'><em>βίου</em></span> <span class='ocrx_word' id='word_1_349' title='bbox 811 3889 854 3938; x_wconf 85' lang='grc' dir='ltr'><em>καλ</em></span> <span class='ocrx_word' id='word_1_350' title='bbox 874 3880 1026 3956; x_wconf 72' lang='grc' dir='ltr'><em>θηριώδους</em></span> <span class='ocrx_word' id='word_1_351' title='bbox 1044 3880 1194 3945; x_wconf 71' lang='grc' dir='ltr'><em>ἀπαλλάξαι</em></span> <span class='ocrx_word' id='word_1_352' title='bbox 1215 3905 1277 3954; x_wconf 82' lang='grc' dir='ltr'><em>καρ-</em></span> 
     </span>
     <span class='ocr_line' id='line_1_37' title="bbox 138 3965 1276 4045; baseline 0.003 -22"><span class='ocrx_word' id='word_1_353' title='bbox 138 3965 201 4030; x_wconf 85' lang='grc' dir='ltr'><em>πούς</em></span> <span class='ocrx_word' id='word_1_354' title='bbox 217 3988 244 4023; x_wconf 84' lang='grc' dir='ltr'><strong>τε</strong></span> <span class='ocrx_word' id='word_1_355' title='bbox 264 3971 387 4031; x_wconf 86' lang='grc' dir='ltr'><em>δείξαντα</em></span> <span class='ocrx_word' id='word_1_356' title='bbox 409 3977 454 4025; x_wconf 82' lang='grc' dir='ltr'><strong>καὶ</strong></span> <span class='ocrx_word' id='word_1_357' title='bbox 472 3968 574 4045; x_wconf 87' lang='grc' dir='ltr'><em>νόμους</em></span> <span class='ocrx_word' id='word_1_358' title='bbox 596 3977 718 4045; x_wconf 76' lang='grc' dir='ltr'><em>θέμενον</em></span> <span class='ocrx_word' id='word_1_359' title='bbox 745 3971 835 4035; x_wconf 79' lang='grc' dir='ltr'><em>αὐτοῖς</em></span> <span class='ocrx_word' id='word_1_360' title='bbox 853 3977 899 4028; x_wconf 81' lang='grc' dir='ltr'><strong>καὶ</strong></span> <span class='ocrx_word' id='word_1_361' title='bbox 916 3969 998 4032; x_wconf 72' lang='grc' dir='ltr'><em>θεοὺς</em></span> <span class='ocrx_word' id='word_1_362' title='bbox 1016 3967 1163 4032; x_wconf 74' lang='grc' dir='ltr'><em>διδάξαντα</em></span> <span class='ocrx_word' id='word_1_363' title='bbox 1181 3973 1276 4045; x_wconf 82' lang='grc' dir='ltr'><em>τιμᾶν·</em></span> 
     </span>
     <span class='ocr_line' id='line_1_38' title="bbox 136 4054 1278 4133; baseline 0.003 -22"><span class='ocrx_word' id='word_1_364' title='bbox 136 4054 245 4128; x_wconf 79' lang='grc' dir='ltr'><em>ὕστερον</em></span> <span class='ocrx_word' id='word_1_365' title='bbox 264 4059 296 4112; x_wconf 79' lang='grc' dir='ltr'><strong>δὲ</strong></span> <span class='ocrx_word' id='word_1_366' title='bbox 314 4061 367 4130; x_wconf 87' lang='grc' dir='ltr'><strong>γῆν</strong></span> <span class='ocrx_word' id='word_1_367' title='bbox 385 4062 480 4115; x_wconf 82' lang='grc' dir='ltr'><em>πᾶσαν</em></span> <span class='ocrx_word' id='word_1_368' title='bbox 498 4057 688 4133; x_wconf 78' lang='grc' dir='ltr'><em>ἡμερούμενον</em></span> <span class='ocrx_word' id='word_1_369' title='bbox 712 4063 840 4117; x_wconf 71' lang='grc' dir='ltr'><em>ἐπελθεῖν</em></span> <span class='ocrx_word' id='word_1_370' title='bbox 864 4057 992 4133; x_wconf 71' lang='grc' dir='ltr'><em>ἐλάχιστα</em></span> <span class='ocrx_word' id='word_1_371' title='bbox 1021 4062 1077 4133; x_wconf 84' lang='grc' dir='ltr'><strong>μὲν</strong></span> <span class='ocrx_word' id='word_1_372' title='bbox 1103 4057 1197 4116; x_wconf 82' lang='grc' dir='ltr'><em>ὅπλων</em></span> <span class='ocrx_word' id='word_1_373' title='bbox 1215 4062 1278 4127; x_wconf 84' lang='grc' dir='ltr'><em>δεη-</em></span> 
     </span>
     <span class='ocr_line' id='line_1_39' title="bbox 136 4145 1277 4223; baseline 0.002 -23"><span class='ocrx_word' id='word_1_374' title='bbox 136 4151 222 4218; x_wconf 83' lang='grc' dir='ltr'><em>θέντα,</em></span> <span class='ocrx_word' id='word_1_375' title='bbox 243 4153 340 4202; x_wconf 86' lang='grc' dir='ltr'><em>πειθοῖ</em></span> <span class='ocrx_word' id='word_1_376' title='bbox 356 4149 388 4202; x_wconf 79' lang='grc' dir='ltr'><strong>δὲ</strong></span> <span class='ocrx_word' id='word_1_377' title='bbox 407 4147 467 4208; x_wconf 83' lang='grc' dir='ltr'><em>τοὺς</em></span> <span class='ocrx_word' id='word_1_378' title='bbox 486 4152 628 4210; x_wconf 84' lang='grc' dir='ltr'><em>πλείστους</em></span> <span class='ocrx_word' id='word_1_379' title='bbox 648 4154 694 4202; x_wconf 85' lang='grc' dir='ltr'><strong>καὶ</strong></span> <span class='ocrx_word' id='word_1_380' title='bbox 711 4145 785 4220; x_wconf 84' lang='grc' dir='ltr'><em>λόγῳ</em></span> <span class='ocrx_word' id='word_1_381' title='bbox 803 4152 863 4223; x_wconf 77' lang='grc' dir='ltr'><em>μετ’</em></span> <span class='ocrx_word' id='word_1_382' title='bbox 884 4147 955 4221; x_wconf 78' lang='grc' dir='ltr'><em>ᾠδῆς</em></span> <span class='ocrx_word' id='word_1_383' title='bbox 973 4154 1018 4203; x_wconf 80' lang='grc' dir='ltr'><strong>καὶ</strong></span> <span class='ocrx_word' id='word_1_384' title='bbox 1037 4145 1127 4218; x_wconf 82' lang='grc' dir='ltr'><em>πύσης</em></span> <span class='ocrx_word' id='word_1_385' title='bbox 1144 4151 1277 4221; x_wconf 80' lang='grc' dir='ltr'><em>μουσικῆς</em></span> 
     </span>
     <span class='ocr_line' id='line_1_40' title="bbox 137 4234 1273 4311; baseline 0.001 -21"><span class='ocrx_word' id='word_1_386' title='bbox 137 4241 317 4310; x_wconf 66' lang='grc' dir='ltr'><em>θελγομένους</em></span> <span class='ocrx_word' id='word_1_387' title='bbox 335 4236 557 4311; x_wconf 85' lang='grc' dir='ltr'><em>προςαγόμενον·</em></span> <span class='ocrx_word' id='word_1_388' title='bbox 577 4236 645 4294; x_wconf 84' lang='grc' dir='ltr'><em>ὅθεν</em></span> <span class='ocrx_word' id='word_1_389' title='bbox 658 4236 766 4308; x_wconf 77' lang='grc' dir='ltr'><em>Ἕλλησι</em></span> <span class='ocrx_word' id='word_1_390' title='bbox 790 4235 866 4301; x_wconf 83' lang='grc' dir='ltr'><em>δόξαι</em></span> <span class='ocrx_word' id='word_1_391' title='bbox 886 4238 1011 4310; x_wconf 80' lang='grc' dir='ltr'><em>Διονύσῳ</em></span> <span class='ocrx_word' id='word_1_392' title='bbox 1033 4239 1082 4294; x_wconf 87' lang='grc' dir='ltr'><strong>τὸν</strong></span> <span class='ocrx_word' id='word_1_393' title='bbox 1103 4234 1187 4292; x_wconf 76' lang='grc' dir='ltr'><em>αὐτὸν</em></span> <span class='ocrx_word' id='word_1_394' title='bbox 1207 4238 1273 4292; x_wconf 71' lang='grc' dir='ltr'><em>εἶναι</em></span> 
     </span>
     <span class='ocr_line' id='line_1_41' title="bbox 135 4327 1273 4402; baseline -0.001 -20"><span class='ocrx_word' id='word_1_395' title='bbox 135 4328 197 4402; x_wconf 76' lang='lat' dir='ltr'><strong>adca</strong></span> <span class='ocrx_word' id='word_1_396' title='bbox 209 4344 272 4380; x_wconf 89' lang='lat' dir='ltr'><strong>cum</strong></span> <span class='ocrx_word' id='word_1_397' title='bbox 280 4327 425 4384; x_wconf 84' lang='lat' dir='ltr'><strong>Diodoreis</strong></span> <span class='ocrx_word' id='word_1_398' title='bbox 438 4327 519 4382; x_wconf 88' lang='lat' dir='ltr'><strong>Isidis</strong></span> <span class='ocrx_word' id='word_1_399' title='bbox 533 4331 561 4382; x_wconf 91' lang='lat' dir='ltr'><strong>et</strong></span> <span class='ocrx_word' id='word_1_400' title='bbox 570 4327 657 4382; x_wconf 89' lang='lat' dir='ltr'><strong>Osiris</strong></span> <span class='ocrx_word' id='word_1_401' title='bbox 669 4329 796 4382; x_wconf 87' lang='lat' dir='ltr'><strong>laudibus</strong></span> <span class='ocrx_word' id='word_1_402' title='bbox 804 4330 955 4384; x_wconf 90' lang='lat' dir='ltr'><strong>concinunt</strong></span> <span class='ocrx_word' id='word_1_403' title='bbox 966 4359 997 4369; x_wconf 90' lang='lat'><em>-</em></span> <span class='ocrx_word' id='word_1_404' title='bbox 1009 4330 1085 4398; x_wconf 83' lang='lat' dir='ltr'><strong>legas</strong></span> <span class='ocrx_word' id='word_1_405' title='bbox 1098 4327 1180 4382; x_wconf 90' lang='lat' dir='ltr'><strong>modo</strong></span> <span class='ocrx_word' id='word_1_406' title='bbox 1191 4328 1202 4378; x_wconf 93' lang='lat' dir='ltr'><strong>l</strong></span> <span class='ocrx_word' id='word_1_407' title='bbox 1213 4330 1273 4397; x_wconf 83' lang='lat'><strong>14,1</strong></span> 
     </span>
     <span class='ocr_line' id='line_1_42' title="bbox 137 4412 1276 4488; baseline -0.001 -18"><span class='ocrx_word' id='word_1_408' title='bbox 137 4418 240 4488; x_wconf 84' lang='grc' dir='ltr'><em>πρῶτον</em></span> <span class='ocrx_word' id='word_1_409' title='bbox 257 4414 313 4484; x_wconf 79' lang='grc' dir='ltr'><strong>μὲν</strong></span> <span class='ocrx_word' id='word_1_410' title='bbox 332 4413 386 4486; x_wconf 81' lang='grc' dir='ltr'><strong>γὰρ</strong></span> <span class='ocrx_word' id='word_1_411' title='bbox 404 4417 508 4468; x_wconf 85' lang='grc' dir='ltr'><em>παῦσαι</em></span> <span class='ocrx_word' id='word_1_412' title='bbox 525 4414 572 4482; x_wconf 87' lang='grc' dir='ltr'><strong>τῆς</strong></span> <span class='ocrx_word' id='word_1_413' title='bbox 588 4412 790 4488; x_wconf 77' lang='grc' dir='ltr'><em>ἀλληλοφαγίας</em></span> <span class='ocrx_word' id='word_1_414' title='bbox 806 4415 836 4470; x_wconf 83' lang='grc' dir='ltr'><strong>τὸ</strong></span> <span class='ocrx_word' id='word_1_415' title='bbox 852 4419 907 4472; x_wconf 81' lang='grc' dir='ltr'><strong>τῶν</strong></span> <span class='ocrx_word' id='word_1_416' title='bbox 919 4412 1079 4488; x_wconf 82' lang='grc' dir='ltr'><em>ἀνθρώπων</em></span> <span class='ocrx_word' id='word_1_417' title='bbox 1090 4422 1170 4487; x_wconf 85' lang='grc' dir='ltr'><em>γένος</em></span> <span class='ocrx_word' id='word_1_418' title='bbox 1188 4413 1276 4486; x_wconf 78' lang='grc' dir='ltr'><em>εὑρού-</em></span> 
     </span>
     <span class='ocr_line' id='line_1_43' title="bbox 136 4495 1274 4576; baseline 0.004 -23"><span class='ocrx_word' id='word_1_419' title='bbox 136 4519 180 4570; x_wconf 79' lang='grc' dir='ltr'><strong>σῆς</strong></span> <span class='ocrx_word' id='word_1_420' title='bbox 197 4503 252 4574; x_wconf 70' lang='grc' dir='ltr'><strong>μὲν</strong></span> <span class='ocrx_word' id='word_1_421' title='bbox 265 4495 367 4561; x_wconf 79' lang='grc' dir='ltr'><em>Ἴσιδος</em></span> <span class='ocrx_word' id='word_1_422' title='bbox 395 4497 443 4556; x_wconf 88' lang='grc' dir='ltr'><strong>τόν</strong></span> <span class='ocrx_word' id='word_1_423' title='bbox 470 4521 497 4555; x_wconf 81' lang='grc' dir='ltr'><strong>τε</strong></span> <span class='ocrx_word' id='word_1_424' title='bbox 526 4505 573 4557; x_wconf 85' lang='grc' dir='ltr'><em>τοῦ</em></span> <span class='ocrx_word' id='word_1_425' title='bbox 600 4506 687 4575; x_wconf 86' lang='grc' dir='ltr'><em>πυροῦ</em></span> <span class='ocrx_word' id='word_1_426' title='bbox 715 4509 760 4557; x_wconf 86' lang='grc' dir='ltr'><em>καλ</em></span> <span class='ocrx_word' id='word_1_427' title='bbox 783 4507 828 4570; x_wconf 89' lang='grc' dir='ltr'><strong>τῆς</strong></span> <span class='ocrx_word' id='word_1_428' title='bbox 847 4507 942 4576; x_wconf 85' lang='grc' dir='ltr'><em>κριθῆς</em></span> <span class='ocrx_word' id='word_1_429' title='bbox 963 4502 1159 4576; x_wconf 81' lang='grc' dir='ltr'><em>καρπόν.....</em></span> <span class='ocrx_word' id='word_1_430' title='bbox 1178 4506 1225 4558; x_wconf 82' lang='grc' dir='ltr'><em>τοῦ</em></span> <span class='ocrx_word' id='word_1_431' title='bbox 1243 4505 1274 4558; x_wconf 79' lang='grc' dir='ltr'><strong>δὲ</strong></span> 
     </span>
    </p>
   </div>
   <div class='ocr_carea' id='block_1_18' title="bbox 0 0 1484 4786">
    <p class='ocr_par' dir='ltr' id='par_1_20' title="bbox 0 0 1484 4786">
     <span class='ocr_line' id='line_1_44' title="bbox 0 0 1484 4786; baseline 0 2"><span class='ocrx_word' id='word_1_432' title='bbox 0 0 1484 4786; x_wconf 95' lang='lat' dir='ltr'><strong> </strong></span> 
     </span>
    </p>
   </div>
  </div>
 </body>
</html>
