2958 4786
729 214 745 268 5

158 397 367 468 excerptorum
391 391 501 468 optime
523 390 717 467 explicantur.
761 387 846 448 illum
868 390 943 450 enim
966 409 1012 450 res
1036 390 1252 468 Argonauticas
1267 395 1311 452 ita

160 513 315 552 enarrasse
349 493 434 568 quasi
463 491 677 568 expeditionem
709 491 842 549 navalem
871 493 972 569 quales
1002 493 1093 570 ipsius
1123 499 1222 552 aetate
1248 495 1311 570 geri

160 595 302 666 solerent,
331 594 514 670 pragmatica
545 592 745 670 exponendam
772 591 828 650 sibi
856 594 1070 670 proposuisset,
1093 594 1209 653 minime
1231 601 1310 656 recte

161 715 256 772 usque
275 693 405 753 adhunc
421 695 496 753 diem
512 695 568 753 viri
589 693 668 752 docti
682 694 895 766 existimavere,
917 693 968 753 sed
984 715 1160 773 quamquam
1177 702 1310 756 vetustas

160 795 278 855 fabulas
293 799 359 856 sive
381 801 416 854 ut
440 797 478 854 ad
499 797 629 854 rationes
653 796 851 872 pragmaticas
874 796 1110 856 adcommodaret
1132 799 1193 856 sive
1214 803 1249 876 ut
1263 818 1310 856 res

160 899 327 975 antiquitus
354 897 480 955 traditas
506 897 693 973 impudenter
720 897 856 956 novando
878 897 981 973 volgus
1011 897 1181 968 delectaret,
1204 901 1310 958 immu·
1377 894 1379 947 ἱ

159 999 247 1058 tabat
278 1004 368 1075 atque
399 997 599 1076 pervertebat,
628 1003 725 1058 tamen
752 1019 786 1058 ea
812 1001 877 1078 ipsa
910 1020 986 1076 quae
1009 1006 1122 1060 veteres
1155 1001 1310 1060 memoriae
1378 1002 1380 1013 ¹

159 1101 365 1178 prodiderant,
396 1123 508 1160 summa
530 1101 682 1176 diligentia
710 1105 798 1178 atque
821 1102 954 1160 doctrina
977 1101 1105 1178 undique
1129 1103 1259 1160 conrasit
1280 1104 1311 1160 et
1382 1085 1388 1177 ¹,

160 1205 310 1278 congessit
332 1209 530 1280 congestaque
552 1206 712 1263 narrationi
734 1223 787 1280 pro
808 1203 901 1262 doctis
924 1223 993 1263 saue
1018 1204 1198 1262 ornamentis
1218 1204 1308 1261 inter·
1386 1184 1388 1211 ⁴

161 1306 262 1381 posuit
276 1300 309 1378 ¹).
354 1303 429 1362 Saue
456 1305 549 1381 siquis
578 1304 657 1382 apud
685 1303 855 1378 Dionysiam
883 1303 982 1374 [Diod.
1005 1305 1072 1363 ΠΙΙ
1095 1308 1143 1374 41,
1165 1305 1192 1364 3.
1215 1303 1310 1362 schol.

159 1405 259 1482 Apoll.
284 1406 400 1463 11289.
415 1405 549 1482 Apollod.
569 1399 731 1480 19,1e‚4]
748 1404 936 1480 Argonautas
952 1405 1106 1466 Herculem
1128 1403 1309 1480 expeditioni

160 1508 368 1589 praeposuisse
399 1506 511 1580 legerit,
543 1505 795 1582 mythographum
825 1525 881 1564 nou
911 1506 1052 1583 probasse
1082 1506 1207 1564 coniciet
1229 1503 1310 1582 quod

88 1674 96 1684 ι
161 1608 336 1685 Apollonius
360 1606 464 1666 heroas
487 1608 565 1668 Iovis
588 1608 648 1666 filio
670 1608 782 1666 virtute
809 1606 942 1666 omnibus
969 1608 1156 1686 praecellenti
1176 1606 1308 1666 Iasonem

160 1709 360 1785 praeferentes
382 1709 451 1768 fecit
473 1709 607 1786 idemque
627 1711 684 1766 iam
707 1710 815 1768 certius
845 1708 928 1766 illum
957 1708 1073 1766 fabulas
1102 1707 1228 1767 traditas
1250 1709 1310 1766 suis

159 1812 325 1872 rationibus
345 1812 407 1869 siue
424 1811 485 1870 ulla
505 1813 681 1886 auctoritate
705 1812 873 1869 immutasse
892 1814 979 1887 putet
1000 1809 1122 1867 Medeae
1136 1809 1308 1867 insidiarum

159 1914 361 1990 scelerumque
383 1915 569 1972 enarratione
589 1932 653 1971 cum
677 1912 777 1970 fabula
793 1911 953 1989 Euripidea
975 1916 1154 1990 comparata.
1178 1909 1308 1984 Plerum-

159 2035 217 2092 que
227 2015 378 2092 Euripidis
402 2016 526 2091 vestigia
548 2015 700 2090 leguntur:
724 2013 885 2090 utrubique
899 2013 1035 2073 Medeam
1057 2033 1120 2072 cum
1144 2032 1161 2071 a
1183 2010 1308 2070 Creonte

160 2136 198 2174 ex
220 2115 292 2174 urhe
304 2118 456 2188 eiceretur,
479 2136 570 2174 unum
593 2116 666 2175 diem
683 2115 721 2174 ab
743 2116 793 2174 illo
806 2117 946 2192 petivisse
961 2135 1019 2193 quo
1035 2117 1133 2190 sugam
1147 2118 1176 2172 et
1190 2113 1307 2171 exilium

161 2223 364 2294 praepararet,
391 2223 528 2276 narratur
540 2212 566 2295 2)
589 2223 618 2276 et
646 2237 703 2294 qua
730 2217 888 2295 Euripides
915 2219 944 2274 in
971 2218 1096 2293 prologo
1123 2217 1255 2274 Iasonem
1278 2218 1309 2273 et

162 2318 294 2377 Medeam
311 2319 378 2378 olim
396 2321 564 2378 coniunctos
585 2320 674 2378 fuisse
688 2319 843 2378 eoncordia
854 2317 1053 2394 ‘memorat³),
1079 2337 1114 2376 ca
1134 2317 1194 2376 illic
1214 2317 1307 2376 fusius

161 2420 336 2478 describitur
362 2414 402 2497 [c.
416 2422 465 2490 54,
479 2413 526 2498 2]:
560 2423 657 2478 τοῦτον
688 2406 886 2498 privativam
914 2413 1020 2496 χρόνον
1045 2412 1205 2496 ἱστοροῦσιν
1232 2412 1307 2476 ἀπο-

160 2517 249 2610 δοχῆς
277 2515 440 2600 ἀξιωθῆναι
477 2519 531 2600 τὴν
552 2518 697 2600 Μήδειαν
726 2517 784 2582 ὑπὸ
812 2525 863 2581 τοῦ
894 2516 998 2599 ἀνδρὸς
1023 2515 1071 2578 διὰ
1099 2515 1196 2598 τὸμὴ
1216 2503 1309 2595 μόνον

162 2696 359 2705 ———

262 2787 289 2857 1)
309 2786 452 2841 Floruisss
477 2804 536 2840 curn
564 2786 653 2839 altero
673 2801 696 2838 a.
716 2783 744 2838 C.
763 2803 790 2838 n.
810 2784 918 2839 saeculo
939 2789 1056 2838 exeunte
1075 2782 1255 2850 consequitur
1273 2799 1307 2836 ex

159 2877 271 2931 Sueten.
283 2876 309 2930 d.
321 2892 439 2946 gramm.
457 2875 482 2929 l.
505 2873 558 2928 ‘M
570 2874 707 2927 Antonius
718 2873 828 2943 Gnipho
841 2914 847 2928 .
860 2913 884 2927 ..
902 2873 1102 2942 institutusque
1122 2870 1308 2926 Alexandriae

159 2965 271 3034 quidem
291 2968 322 3019 ut
341 2964 426 3034 aliqui
444 2963 561 3016 tradunt
580 2963 609 3016 in
629 2963 812 3016 contubernio
830 2961 957 3030 Dionysii
976 2961 1219 3030 Scytobrachionis
1233 2961 1306 3030 quod

159 3053 287 3124 equidem
308 3070 364 3107 non
383 3059 488 3106 temere
501 3051 666 3106 crediderim
685 3068 747 3105 cum
765 3056 924 3120 temporum
942 3050 1015 3104 ratio
1036 3052 1082 3103 vix
1102 3046 1249 3118 congruat'
1272 3049 1307 3104 cf.

158 3142 344 3210 Hachtmann,
363 3141 398 3194 de
409 3140 540 3210 Dionysio
551 3140 719 3208 Mitylenaeo
739 3157 785 3194 seu
804 3136 1038 3207 Scytobrachione
1051 3137 1117 3190 diss.
1129 3139 1216 3192 Bona.
1229 3139 1305 3193 1865.

158 3251 186 3302 p.
202 3233 242 3284 13.
280 3229 513 3298 Scytobrachione
544 3227 587 3281 vel
615 3227 714 3296 Scyteo
743 3228 910 3297 cognomine
939 3247 1000 3282 eum
1030 3247 1108 3283 usum
1125 3217 1187 3282 vesse
1207 3226 1307 3282 Suidas

158 3317 290 3387 tradidit;
318 3318 357 3371 ita
382 3322 476 3371 tamen
503 3318 595 3370 omnia
624 3315 749 3372 confudit
774 3322 804 3370 ut
824 3333 886 3370 mea
906 3317 1017 3387 quidem
1037 3318 1174 3373 sententia
1193 3317 1307 3372 omniuo

158 3407 320 3462 abiciendus
340 3407 384 3460 sit.
404 3407 437 3460 ef.
457 3406 595 3460 Welcksr.
614 3406 632 3460 1.
652 3423 675 3460 c.
695 3425 721 3476 p.
736 3410 770 3460 76
782 3424 821 3475 sq.
859 3406 965 3461 Xanthi
977 3407 1050 3476 Lydi
1070 3408 1201 3462 historias
1219 3407 1253 3460 ab
1272 3423 1306 3460 eo
1365 3465 1367 3470 ,

158 3498 341 3566 interpolatas
371 3514 429 3550 esse
456 3497 561 3566 legitur
588 3496 662 3566 apud
681 3497 852 3553 Athenaeum
871 3498 922 3552 XlI
941 3517 968 3567 p.
983 3497 1128 3551 5151)...
1150 3495 1186 3554 ais
1205 3499 1310 3566 ἱστορεῖ

159 3577 270 3643 Ξάνθος
288 3582 303 3637 ὁ
322 3582 417 3643 Λυδὸς
434 3578 449 3648 ἢ
469 3583 484 3638 ὁ
503 3582 551 3643 τὰς
570 3587 607 3643 εἰς
625 3581 708 3640 αὐτὸν
731 3584 944 3659 ἀναφερομένας
967 3589 1088 3656 ἱστορίας
1106 3579 1308 3656 συγγεγραφὼς

158 3667 305 3732 Διονύσιος
323 3671 337 3726 ὁ
356 3678 570 3744 Σκυτοβραχίων
588 3671 624 3732 ὠς
639 3670 783 3744 Ἀρτέμων
802 3679 889 3746 φησὶν
907 3673 922 3728 ὁ
942 3671 1121 3744 Κασανδρεὺς
1141 3674 1171 3728 έν
1188 3673 1226 3743 τῷ
1243 3673 1307 3742 περὶ

158 3762 321 3831 συναγωγῆς
339 3765 451 3830 βιβλίων
470 3762 503 3817 cf.
524 3761 659 3831 Welclrer,
679 3763 714 3814 kl.
736 3762 876 3817 Schriften
895 3762 907 3815 I
925 3781 952 3833 p.
964 3764 1015 3817 431
1037 3781 1075 3832 sq.

259 3865 287 3936 2)
305 3865 372 3920 Eur.
391 3865 465 3921 Med.
480 3867 542 3921 340:
563 3872 633 3938 μίαν
650 3885 686 3938 με
704 3874 795 3939 μεῖναι
816 3862 891 3936 τήνδ’
911 3870 996 3923 ἔασον
1014 3867 1121 3940 ἡμέραν

565 3960 610 4008 καὶ
628 3957 798 4029 ξυμπεροῖνοιι
818 3958 944 4030 φροντίδ’
964 3944 979 4032 ᾖ
1000 3951 1176 4030 φευξούμεθα

157 4059 192 4112 cl.
212 4076 275 4112 cum
292 4061 372 4116 Diod.
390 4079 414 4117 c.
428 4064 472 4132 54,
483 4066 511 4119 5:
529 4061 579 4131 τὴν
597 4065 628 4118 δὲ
647 4059 777 4130 Μήδειαν
796 4066 1008 4138 ἐξελαυνομένην
1026 4067 1057 4119 ἐκ
1075 4064 1120 4131 τῆς
1138 4057 1244 4120 πόλεως
1262 4063 1307 4113 καὶ

156 4153 227 4217 μίαν
242 4145 350 4220 ἡμέραν
370 4148 444 4221 παρὰ
464 4153 510 4205 τοῦ
520 4156 655 4222 Κρέοντος
669 4155 807 4221 λαβοῦσαν
825 4157 863 4214 εἰς
880 4151 928 4222 τὴν
940 4155 985 4220 τῆς
1004 4155 1093 4227 φυγῆς
1105 4144 1305 4220 παρασκευήν..

258 4254 285 4321 3)
306 4253 350 4309 VS.
373 4257 404 4308 13
420 4275 474 4326 sq.:
493 4253 558 4324 atri
579 4257 610 4311 dl
629 4252 719 4312 πάντα
738 4259 908 4332 ξυμφέρουσ’
924 4253 1042 4314 Ἰάσονι·

493 4342 562 4416 ἥπερ
580 4352 699 4418 μεγίστη
717 4352 839 4418 γίγνεται
860 4353 978 4420 σωτηρία

492 4429 558 4489 ὅταν
576 4432 643 4505 γυνὴ
662 4432 732 4506 πρὸς
749 4429 836 4506 ἄνδρα
855 4434 895 4508 μὴ
915 4436 1074 4509 (hypocrati.
