2958 4786
699 282 732 335 53

121 475 210 528 μων.
241 455 323 516 ,Sed
358 458 511 516 Euhemeri
540 465 605 518 toto
640 462 717 518 ratio
759 443 873 519 diversa
910 464 978 521 fuit:
1018 483 1075 521 non
1108 466 1183 524 onim
1219 473 1289 542 post

126 563 248 616 mortes
270 558 453 636 principibus
475 580 493 618 a
514 561 655 637 progenie
670 569 700 620 et
722 565 896 638 posteritate
918 563 1031 623 divinos
1046 563 1171 624 honores
1193 566 1286 624 adtri-

125 658 225 716 butos
251 679 314 718 esse
334 660 493 732 contendit,
527 662 576 720 sed
599 663 696 722 Iovem
720 664 814 740 ipsum
846 665 914 722 iana
941 665 997 723 sibi
1020 667 1160 724 constitui
1184 666 1286 725 iuben·

128 763 196 816 tem
220 761 290 818 facit
305 755 337 834 ¹).
1143 761 1147 766 ’

237 861 341 920 Omnia
362 882 430 920 vero
453 863 663 942 Aegyptiorum
687 865 912 941 theologumena
934 885 969 924 ne
992 865 1138 927 Diodorus
1161 887 1197 926 ex
1215 867 1285 945 Scy-

131 961 329 1022 tobrachione
343 965 500 1042 sumpsisse
513 971 663 1025 statuatur
678 987 861 1045 summopere
882 967 1040 1027 cavendum
1064 975 1118 1028 est.
1142 970 1167 1026 A
1181 969 1286 1029 Leonis

130 1065 213 1122 enirn
241 1068 389 1124 sentent-iu
412 1086 470 1141 qua
490 1086 575 1144 reges
602 1068 670 1126 olim
698 1088 763 1128 cum
790 1070 888 1144 fruges
911 1069 1088 1129 invenissent
1109 1071 1196 1131 urbes
1218 1091 1284 1130 oon·
1309 1122 1317 1138 ,

132 1165 283 1226 didissent
305 1187 399 1226 moros
431 1171 652 1228 constituissent
682 1189 737 1247 pro
770 1170 825 1229 diis
860 1170 977 1230 habitos
1005 1191 1069 1230 esse
1098 1179 1285 1250 exposuerat,

135 1286 260 1344 prorsus
289 1268 423 1328 discessit
452 1289 518 1328 cum
540 1291 563 1329 c.
581 1271 618 1328 43
651 1272 781 1348 antiquis
803 1271 985 1349 temporibus
1008 1273 1171 1350 Aegyptios
1190 1272 1288 1332 herbis

134 1369 321 1444 palustribus
342 1376 372 1428 ct
393 1371 522 1448 piscibus
551 1374 627 1431 vesci
649 1373 752 1431 solitos
772 1373 870 1444 fuisse,
896 1381 1000 1451 postea
1021 1374 1136 1433 demum
1158 1373 1284 1445 Menam,

134 1473 189 1546 qui
210 1472 324 1548 primus
353 1478 421 1550 post
444 1473 513 1532 deos
542 1480 690 1549 regnaret,
713 1474 848 1551 frugibus
871 1476 997 1534 inventis
1020 1475 1172 1534 cultiorem
1195 1476 1286 1534 vitam

135 1563 302 1631 instituisse
323 1569 499 1650 narravit2).
534 1575 621 1635 lidem
645 1577 756 1635 auctori
777 1577 856 1635 illam
880 1577 915 1635 de
928 1576 1138 1655 Tnephachtho
1160 1576 1288 1636 Boccho·

136 1672 211 1731 ridie
238 1678 324 1751 patre
348 1675 541 1752 historiolam,
575 1698 650 1754 quae
678 1679 755 1736 infra
782 1682 915 1756 sequitur
938 1670 1039 1760 [aaa
1060 1680 1086 1737 1.
1106 1668 1135 1759 2]
1158 1683 1189 1737 et
1207 1677 1288 1756 apud

139 1773 331 1834 Plutarchum
344 1796 460 1854 qnoque
484 1769 531 1859 [de
541 1779 581 1838 Is.
598 1783 629 1837 et
643 1780 717 1840 Osir.
734 1771 765 1862 8]
775 1781 894 1858 legitur,
918 1779 1018 1839 deberi
1040 1780 1172 1858 adparet.
1196 1779 1288 1856 Atqui

141 1875 320 1934 Hecataeum
332 1876 504 1937 Abderitam
517 1879 640 1939 Alexino
661 1880 837 1958 philosopho
863 1887 981 1940 auctore
1008 1901 1071 1940 eam
1097 1901 1232 1940 narrasse
1254 1900 1290 1938 ex

142 1978 292 2036 Athenaeo
308 1984 424 2037 constat
446 1970 483 2061 [X
500 2002 528 2058 p.
542 1982 603 2038 418
619 1973 670 2063 Ε];
694 1979 875 2060 Αἰγυπτίους
896 1978 922 2039 δ’
943 1976 1091 2052 Ἑκαταῖος
1108 1968 1290 2059 ἀρτοφάγους

113 2145 120 2151 θ
140 2075 225 2155 φησὶν
237 2069 311 2136 εἶναι
323 2067 494 2156 κυλλήστιας
505 2077 664 2155 ἐσθίοντας,
681 2079 729 2154 τὰς
742 2079 773 2142 δὲ
794 2080 899 2158 κριθὰς
920 2079 961 2153 εἱς
982 2078 1069 2140 ποτὸν
1087 2076 1287 2151 καταλέοντας·

139 2175 298 2236 δυσὶταῦτα
328 2177 377 2236 καὶ
405 2176 549 2252 Ἀλεξῖνος
578 2179 610 2241 ἒν
641 2184 684 2267 τῷ
713 2183 778 2259 περὶ
802 2178 973 2258 αὐταρκείας
993 2175 1049 2260 ἔφη
1069 2177 1172 2262 μετρία
1194 2177 1285 2264 τροφῇ

139 2281 297 2362 κεχρῆσθαι
317 2276 365 2337 τὸν
374 2271 518 2359 Βόκχοριν
539 2282 587 2341 καλ
610 2281 658 2342 τὸν
681 2279 789 2362 πατέρα
812 2279 901 2343 αὐτοῦ
912 2273 1061 2362 Νεόχαβιν
1073 2282 1107 2357 ⁸).
1131 2282 1285 2342 Adocdnnt
1380 2312 1385 2320 ·

139 2384 286 2458 graviora.
331 2384 394 2456 Quo
416 2386 489 2441 enim
514 2385 578 2442 loco
601 2384 747 2444 Diodorus
770 2407 800 2444 se
823 2385 1002 2445 Hecataeum
1027 2386 1109 2463 sequi
1131 2386 1194 2462 ipse
1217 2384 1288 2443 dicit

141 2475 168 2565 [Ι
183 2485 232 2555 46,
246 2475 286 2565 Sl,
310 2485 381 2542 haec
403 2485 524 2545 adiecit:
546 2481 582 2542 οὐ
598 2474 691 2562 μόνον
713 2482 739 2544 δ’
764 2481 791 2544 οἱ
813 2483 874 2544 κατ’
897 2480 1051 2564 Αἴγυπτον
1072 2477 1156 2561 ἱερεῖς
1175 2480 1208 2543 ἐκ
1231 2488 1288 2543 τῶν

138 2581 318 2664 ἀναγραφῶν
351 2579 519 2662 ἱστοροῦσιν,
551 2583 624 2645 ἀλλὰ
653 2586 703 2646 καί
733 2586 833 2646 πολλοὶ
863 2591 919 2645 uir
939 2575 1086 2664 Ἑλλήνων
1116 2588 1171 2643 τῶν
1192 2605 1288 2662 παρα-

138 2676 288 2761 βαλόντων
307 2682 363 2762 μὲν
385 2684 425 2758 εἰς
456 2683 504 2757 τὰς
527 2676 635 2764 Θήβας
661 2684 710 2746 ἐπὶ
732 2683 917 2764 Πτολεμαίου
937 2690 988 2745 τοῦ
1010 2676 1125 2765 Λάγου,
1149 2685 1251 2757 συνταξ
1275 2715 1290 2728 -

137 2780 237 2862 μένων
259 2783 290 2845 δὲ
309 2785 357 2858 τὰς
368 2785 572 2866 Αἰγυπτιακὰς
592 2783 724 2867 ἱστορίας,
737 2771 777 2847 clv
789 2784 846 2846 ἐστι
860 2787 909 2846 καὶ
918 2782 1074 2860 Ἑκαταῖος,
1099 2784 1287 2866 συμφωνοῦσι

137 2891 197 2959 τοῖς
217 2883 270 2966 ὕφ’
291 2883 377 2966 ἡμῶν
394 2884 559 2968 εἰρημένοις,
583 2891 692 2963 Quodsi
714 2896 744 2949 et
766 2893 796 2948 in
818 2893 853 2949 iis
868 2909 944 2966 quos
956 2888 1136 2968 praecedunt
1149 2879 1183 2969 [c.
1195 2890 1245 2960 46,
1256 2877 1285 2968 7]

137 2995 170 3048 et
192 2991 286 3049 altero
313 2991 375 3050 loco
400 2981 435 3072 [c.
450 2983 540 3072 31,7]
573 2993 733 3051 Ptolemaei
765 2991 837 3068 Lagi
872 2996 1004 3069 tempora
1039 2995 1068 3048 et
1101 2988 1286 3048 sacerdotum

140 3092 264 3152 annales
294 3112 354 3150 una
386 3099 659 3162 commemorantur,
682 3113 740 3150 non
763 3097 872 3152 temcre
893 3094 998 3170 opinor
1020 3089 1203 3150 concluditur
1224 3087 1288 3147 uhi·

143 3268 340 3277 --———-

244 3362 269 3428 1)
288 3360 327 3414 Cf.
346 3359 474 3414 Lactant.
493 3359 511 3412 l.
533 3377 554 3414 c.
575 3377 597 3413 c.
612 3360 646 3411 22
666 3361 694 3411 et
713 3356 855 3412 Plutarch.
875 3356 902 3410 d.
921 3357 956 3410 Is.
976 3359 1005 3409 et
1024 3353 1094 3408 Osir.
1108 3353 1155 3405 22:
1176 3351 1288 3403 πολλῶν

139 3449 173 3502 δὲ
187 3443 317 3504 τοιοῦτιον
335 3453 493 3520 λεγομένοιν
508 3453 554 3501 καὶ
573 3449 759 3517 δεικνυμένων
783 3450 809 3498 οἱ
832 3444 888 3517 μὲν
909 3440 1030 3516 οἰόμενοι
1052 3443 1188 3510 βασιλέων
1206 3439 1288 3491 ταῦτα

142 3544 188 3592 καὶ
206 3532 345 3607 τυράννοιν
363 3541 398 3592 δι’
418 3537 515 3610 ἀρετὴν
537 3537 748 3610 ὑπερφέρουσαν
764 3531 779 3603 ἢ
800 3533 918 3607 δύναμιν
936 3531 1042 3605 ἀξίωμα
1058 3526 1074 3599 ἢ
1092 3524 1175 3590 δόξαν
1192 3524 1290 3595 δεότη-
1353 3577 1355 3581 .

143 3647 188 3686 τος
209 3629 458 3699 ἐπιγραψαμένων,
488 3627 543 3680 εἶτα
570 3631 757 3697 χρησαμένων
784 3617 876 3695 τύχαις
904 3624 969 3692 ἔργα
988 3625 1033 3675 καὶ
1055 3612 1132 3685 πάθη
1150 3614 1226 3671 δεινὰ
1245 3622 1291 3670 καὶ

140 3709 248 3786 μεγάλα
273 3711 541 3786 διαμνημονεύεσθαι
570 3708 654 3786 ῥᾴστῃ
677 3714 732 3785 μὲν
755 3705 908 3782 ἀποδράσει
933 3711 979 3763 τοῦ
998 3705 1080 3778 λόγου
1094 3707 1215 3777 χρῶνται
1232 3708 1287 3759 κτλ.

142 3804 169 3858 Ο.
190 3806 224 3857 23
243 3805 333 3873 ipsum
353 3803 539 3856 Euhemerum
559 3803 692 3856 nominat.

242 3893 268 3961 2)
287 3891 336 3945 Vel
365 3894 424 3960 ipso
453 3892 520 3944 haec
548 3892 621 3944 inter
651 3908 679 3944 se
709 3889 840 3958 obposuit
859 3889 892 3956 [c.
913 3886 955 3949 43,
970 3887 1010 3954 bl:
1041 3886 1087 3937 καὶ
1114 3878 1288 3949 τούτουτὴν

142 3977 250 4050 εὕρεσιν
269 3985 294 4033 or‘
311 3981 367 4051 μὲν
396 3985 433 4038 εἰς
460 3978 509 4045 τὴν
532 3971 599 4032 Ἶσιν
621 3974 818 4050 ἀναφέρουσιν,
842 3979 867 4027 ol
893 3974 924 4027 δὲ
950 3979 986 4033 εἴς
1009 3990 1069 4026 τινα
1091 3971 1147 4025 τῶν
1164 3971 1289 4030 παλαιῶν
1313 4027 1320 4036 ‚

143 4072 278 4136 βασιλέων
297 4068 345 4123 τὸν
363 4062 570 4140 ὀνομαζόμενον
590 4068 699 4134 Μηνᾶν.
1268 4138 1273 4148 ἱ

242 4158 270 4229 3)
289 4158 371 4213 Varie
390 4175 490 4212 nomen
510 4159 714 4225 scriptumest:
734 4153 807 4224 apud
818 4152 998 4206 Plutarchum
1012 4149 1116 4218 legitur
1130 4151 1288 4217 Τέχνακτις.

143 4247 306 4302 Rectissime
325 4265 376 4316 pro
387 4241 482 4307 Ἄλεξις
503 4246 657 4300 Meinckius
683 4244 764 4314 [anal.
784 4243 845 4297 crit.
861 4242 896 4296 ad
919 4240 1018 4294 Athen.
1036 4256 1063 4307 p.
1081 4237 1142 4306 186]
1160 4232 1290 4296 Ἀλεξῖνος

145 4338 280 4405 reposuit;
300 4337 406 4406 optime
425 4336 459 4389 ad
479 4334 589 4389 eiusde
609 4329 752 4404 αὐταρκείᾳ
774 4331 878 4384 librum
903 4328 1059 4382 adhibitum
1078 4325 1195 4394 quadrat
1214 4324 1288 4394 quod

145 4425 280 4480 Abderita
299 4443 315 4478 a
335 4425 472 4479 Clemente
492 4423 605 4492 [Strom.
625 4421 650 4474 Il
669 4439 695 4490 p.
709 4421 773 4488 498]
803 4421 879 4478 τέλος
898 4411 1059 4485 αὐτάρκειαν
1078 4430 1137 4467 esee
1157 4413 1289 4468 statuisse

143 4515 253 4570 dicitur.
