2958 4786
690 225 731 304 ae

123 421 230 503 βραχὺ
249 412 382 483 λείποντα
402 429 458 484 τῶν
483 422 642 502 ἀισμϊριίον
663 425 712 484 καὶ
733 423 899 504 τρισχιλίων.
928 430 1087 490 Diodorum
1111 435 1202 510 igitur
1225 455 1280 494 non

120 532 228 608 ipsum
248 531 494 606 computationem
516 527 595 586 illam
618 548 772 603 regnorum
793 549 885 606 usque
908 531 945 589 ad
967 551 1050 590 suam
1071 539 1197 593 aetatem
1228 536 1278 594 de·

121 631 250 690 duxisse
262 630 396 706 adparet,
419 630 468 688 sed
481 633 532 707 qui
544 633 770 706 computationis
786 633 927 690 terminus
943 633 982 691 ab
994 633 1140 694 Hecataeo
1162 637 1279 712 quidem

122 731 185 790 sub
210 732 376 790 Ptolemaeo
398 733 494 808 prirno
516 731 638 790 florenta
660 737 730 809 apte
752 734 866 809 positus
886 739 950 791 erat
962 735 1123 793 Alexandri
1137 736 1166 792 in
1179 735 1278 795 Asiam

123 834 277 891 transitus
300 833 344 890 vel
366 835 465 908 potius
477 831 654 890 Alexandria
676 831 802 903 condita,
825 834 893 892 inde
915 854 1012 913 aquo
1035 841 1167 914 ternpore
1182 835 1297 896 Mace·'

124 933 237 992 donum
260 935 290 990 in
312 935 449 1008 Aegypto
475 953 595 1009 regnum
619 933 735 991 initium
764 929 889 1011 cepic1),
912 933 989 993 hunc
1009 941 1119 995 temere
1141 957 1204 995 curn
1226 956 1279 996 sua

123 1034 223 1110 ipsius
245 1036 554 1094 actatccommutavit.
579 1034 609 1091 0.
627 1035 665 1092 26
690 1036 781 1110 igitur
803 1055 878 1112 quae
901 1037 937 1095 de
957 1021 1171 1116 Aegyptiorum
1195 1038 1278 1096 chro-

127 1136 249 1212 nologia
270 1141 458 1212 exponuntur
479 1135 619 1193 Hecataei
640 1141 709 1194 sunt
726 1155 819 1213 neque
841 1139 900 1195 scio
923 1158 960 1195 an
983 1139 1074 1198 eidem
1096 1139 1181 1198 Isidis
1203 1139 1275 1197 deae

124 1241 263 1294 naturam
296 1257 417 1314 prorsus
448 1237 534 1295 aliter
565 1241 654 1312 atque
690 1257 781 1313 supra
820 1237 915 1296 Leone
948 1246 1068 1298 auctore
1101 1239 1277 1316 descriptam

127 1337 290 1396 vindicem:
315 1337 385 1394 Hori
407 1343 586 1414 postremum
608 1357 731 1412 regnum
754 1339 883 1398 divinum
906 1340 1066 1416 utrubique
1091 1332 1126 1421 [c.
1140 1343 1224 1414 25‚7
1248 1347 1278 1400 et
1329 1335 1331 1340 ’

127 1429 227 1518 41,1]
253 1445 502 1517 comaremoratur.
548 1439 695 1498 Currere
719 1461 742 1497 c.
759 1441 798 1498 44
821 1461 921 1516 regum
945 1461 1003 1500 non
1019 1462 1054 1500 cx
1076 1443 1148 1519 ipsis
1160 1441 1277 1520 Acgyp-

126 1541 179 1598 tiis
201 1541 252 1598 sed
274 1561 310 1597 ex
335 1540 437 1599 alienis
459 1540 596 1617 gentibus
619 1541 808 1600 oriundorum
840 1545 907 1600 anni
933 1544 1079 1602 numerati
1106 1545 1174 1615 sint,
1196 1563 1220 1602 e.
1238 1545 1276 1601 69

127 1641 307 1718 explicatur:
335 1662 398 1700 eam
428 1643 503 1700 enim
533 1643 628 1718 legum
656 1645 868 1721 Aegyptiarum
899 1645 989 1704 fuisse
1011 1645 1221 1722 praestantiam
1243 1650 1278 1703 ut
1305 1689 1307 1694 .

126 1762 182 1818 per
205 1743 331 1820 plurima
352 1743 468 1801 saecula
489 1743 519 1799 in
541 1743 663 1800 alienam
686 1749 863 1819 potestatem
889 1763 944 1801 non
968 1746 1102 1803 venerint
1124 1763 1215 1820 regno
1237 1743 1274 1801 ab

128 1846 263 1920 ingenuis
301 1845 360 1903 sere
389 1864 504 1921 semper
534 1845 664 1904 obtento.
710 1844 812 1921 Neque
834 1848 926 1904 rniuus
949 1847 974 1903 ei
993 1846 1113 1904 consilio
1135 1864 1193 1920 quo
1214 1843 1275 1903 He·

127 1950 247 2004 cataeus
269 1965 340 2004 usus
361 1966 424 2004 esse
446 1947 563 2004 videtur
586 1951 620 2003 ut
643 1966 689 2004 res
713 1930 909 2024 Aegyptiacae
933 1967 995 2006 cum
1020 1945 1138 2006 Graecis
1159 1965 1275 2022 compa·

127 2050 217 2116 reret,
251 2051 434 2122 comparatas
464 2066 551 2123 quarn
584 2049 704 2106 summis
735 2047 871 2106 laudibus
901 2048 1064 2125 extolleret,
1100 2052 1172 2125 apta
1204 2051 1275 2106 sunt

100 2143 102 2148 ’
128 2167 204 2224 quae
234 2148 293 2205 illic
322 2147 488 2206 adiciuntur
519 2141 642 2224 [69‚4]:
671 2143 773 2224 καίπὲρ
802 2145 856 2226 γὰρ
879 2143 931 2225 τῆς
952 2137 1053 2225 χώρας
1084 2144 1114 2206 τὸ
1149 2141 1275 2204 παλαιὸν

133 2238 319 2323 decantatas
338 2249 395 2317 τοῖς
414 2242 502 2317 ξένοις
531 2243 680 2325 οὔσης...
701 2241 780 2322 όμιος
797 2242 938 2312 ἔσπευσαν
964 2246 1006 2319 εἰς
1026 2239 1118 2324 αὐτὴν
1140 2247 1275 2324 παραβαῆ

131 2349 191 2406 λεῖν
216 2343 273 2406 τῶν
297 2344 353 2424 μὲν
382 2337 577 2436 ἀρχαιοτάτων
595 2345 720 2427 Ὀρφεύς
740 2342 826 2406 καλό
860 2345 977 2426 ποιητὴς
991 2342 1123 2426 Ὅμηρος,
1154 2351 1209 2406 τῶν
1244 2342 1276 2406 δὲ

129 2445 371 2527 μεταγενεστέρων
397 2445 478 2507 ἀλλοι
510 2469 539 2507 τε
572 2445 685 2519 πλειόος
714 2448 764 2507 καὶ
791 2444 976 2527 Πυθαγόρας
1001 2443 1016 2506 ό
1039 2443 1160 2523 Σάμιος,
1182 2440 1220 2506 ἔτι
1243 2443 1275 2508 δὲ

130 2545 228 2609 Σόλιον
250 2545 265 2608 ό
288 2545 452 2628 νομοθέτης.
487 2551 629 2627 Hocque
654 2551 768 2608 ratione
791 2552 970 2627 exposuerit,
994 2550 1115 2608 Diodori
1139 2549 1281 2624 catalogox

129 2653 305 2712 Graecorum
336 2657 367 2711 in
391 2654 558 2729 Aegyptum
581 2653 778 2728 profectorum
811 2645 850 2728 [c.
868 2647 1006 2727 96—98]
1042 2651 1272 2722 demonstratur,

131 2757 239 2832 quippe
261 2755 311 2813 ubi
332 2775 430 2814 omnes
458 2755 500 2812 illi
526 2757 631 2812 iterum
654 2759 914 2812 commemorentur
937 2758 1108 2828 certumque
1136 2753 1275 2812 Hecataei

130 2859 283 2932 vestigium
306 2857 490 2914 sacerdotum
513 2856 633 2914 annales
657 2845 691 2935 [c.
709 2856 758 2926 96,
777 2846 806 2934 2]
831 2854 1003 2940 adpareant
1046 2855 1139 2930 Atqui
1160 2859 1195 2911 ut
1215 2853 1275 2912 illic

132 2957 270 3016 Homerus
283 2958 410 3016 Helenae
423 2975 597 3015 venenorum
609 2956 729 3014 Veneris
741 2975 848 3014 aureae
860 2956 935 3014 Iovis
947 2956 1123 3032 iuuenisque
1139 2975 1271 3014 amorum

128 3059 259 3117 notitiam
278 3058 315 3118 ab
330 3059 485 3135 Aegyptiis
507 3059 654 3134 accepisse
669 3058 763 3114 fertur
778 3046 813 3136 [c.
828 3059 877 3127 97,
891 3047 995 3136 7-9]‚
1011 3059 1054 3114 ita
1069 3075 1159 3132 supra
1175 3045 1209 3135 [c.
1226 3058 1272 3129 12,

132 3152 178 3239 10]
202 3179 302 3218 versus
319 3159 463 3217 Homerici
482 3150 514 3239 {p
527 3159 586 3216 485
600 3148 671 3238 sq.]:

323 3254 373 3317 καί
393 3279 422 3317 τε
444 3257 510 3317 θεοὶ
531 3253 662 3328 ξείνοισιν
682 3251 802 3328 ἐοικότες
822 3252 1006 3315 ἀλλοδαποῖσι

323 3363 449 3418 παντοῖοι
471 3352 631 3429 τελέθοντες
650 3354 849 3436 ἐπιστρωφῶσι
870 3352 977 3434 πόληας

325 3456 491 3537 ἀνθρώπιον
513 3455 596 3536 ὕβριν
617 3479 645 3518 τε
667 3457 717 3517 καὶ
738 3455 874 3537 εὐνομίην
894 3456 1040 3535 ε’ςοριῑιντες

131 3585 190 3622 curn
215 3565 429 3640 Acgyptiorum
463 3562 498 3619 de
529 3562 647 3620 deorum
676 3561 815 3636 symbolis
840 3564 976 3638 opinione
998 3562 1203 3620 conferuntur:
1226 3561 1269 3618 in·

129 3666 225 3743 primis
259 3665 329 3722 haec
366 3662 455 3722 verba
496 3662 688 3721 animadverti
729 3663 827 3720 velim:
860 3660 909 3719 καὶ
941 3659 990 3720 τὸν
1022 3658 1136 3740 ποιητὴν
1167 3656 1198 3720 δὲ
1232 3657 1273 3730 εἰς

132 3759 280 3843 Αἴγυπτον
304 3759 510 3840 παραβαλόντα
534 3761 582 3820 καὶ
603 3758 780 3840 μετασχόντα
805 3759 885 3840 παρὰ
907 3764 962 3820 τῶν
984 3757 1084 3840 ἱερέων
1104 3765 1161 3820 ’τῶν
1184 3755 1271 3820 τοιοό-

130 3887 180 3924 πον
202 3861 296 3944 λόγων
319 3861 416 3924 θεῖναί
433 3884 489 3921 που
510 3861 584 3922 κατά
607 3861 659 3940 τὴν
681 3861 793 3942 ποίησιν
818 3860 849 3921 τὸ
874 3858 1078 3942 προειρημένον
1099 3857 1136 3933 ὡς
1155 3851 1270 3940 γινόμε-

132 3987 183 4025 νον.
228 3967 366 4026 Hecataei
396 3985 464 4024 vero
490 3968 652 4024 narrationi
675 3986 697 4025 c.
725 3967 806 4037 13,4
830 3986 863 4024 ea
884 3985 960 4043 quae
983 3986 1072 4044 supra
1095 3965 1184 4024 Leoni
1206 3966 1268 4022 vin-

227 4205 252 4275 1)
272 4206 344 4260 Malo
364 4205 502 4259 Diodorus
531 4205 583 4260 hoc
608 4206 643 4258 ed
668 4203 912 4273 Scytobrachionie
931 4220 1076 4257 numerum
1095 4203 1206 4258 rettulit
1225 4203 1270 4256 cui

133 4299 159 4347 ut
176 4294 291 4348 deorum
310 4312 373 4348 cum
393 4294 561 4363 Gigantibus
590 4311 711 4363 pugnarn
741 4291 836 4346 multia
865 4294 944 4346 annis
969 4295 1035 4347 ante
1053 4291 1157 4347 bellum
1176 4291 1270 4346 Troia·

132 4401 190 4436 num
217 4383 354 4438 atlcidisse
374 4384 586 4450 demonstraret,
616 4383 685 4438 adeo
715 4385 792 4437 certo
824 4383 945 4436 termino
974 4382 1127 4438 constituto
1157 4381 1269 4436 minime

132 4490 194 4542 opus
212 4477 292 4528 esset.
