<?xml version="1.0" encoding="UTF-8"?>
<!DOCTYPE html PUBLIC "-//W3C//DTD XHTML 1.0 Transitional//EN"
    "http://www.w3.org/TR/xhtml1/DTD/xhtml1-transitional.dtd">
<html xmlns="http://www.w3.org/1999/xhtml" xml:lang="en" lang="en">
 <head>
  <title>
</title>
<meta http-equiv="Content-Type" content="text/html;charset=utf-8" />
  <meta name='ocr-system' content='tesseract 3.04.00' />
  <meta name='ocr-capabilities' content='ocr_page ocr_carea ocr_par ocr_line ocrx_word'/>
</head>
<body>
  <div class='ocr_page' id='page_1' title='image "./dedionysioscyto00schwgoog_0059.png"; bbox 0 0 2958 4786; ppageno 0'>
   <div class='ocr_carea' id='block_1_1' title="bbox 752 283 785 338">
    <p class='ocr_par' dir='ltr' id='par_1_1' title="bbox 752 283 785 338">
     <span class='ocr_line' id='line_1_1' title="bbox 752 283 785 338; baseline -0.061 0"><span class='ocrx_word' id='word_1_1' title='bbox 752 283 785 338; x_wconf 79' lang='lat'><strong>52</strong></span> 
     </span>
    </p>
   </div>
   <div class='ocr_carea' id='block_1_2' title="bbox 199 461 1354 546">
    <p class='ocr_par' dir='ltr' id='par_1_2' title="bbox 199 461 1354 546">
     <span class='ocr_line' id='line_1_2' title="bbox 199 461 1354 546; baseline -0.005 -20"><span class='ocrx_word' id='word_1_2' title='bbox 199 485 256 546; x_wconf 92' lang='lat' dir='ltr'><strong>que</strong></span> <span class='ocrx_word' id='word_1_3' title='bbox 278 467 440 526; x_wconf 85' lang='lat' dir='ltr'><strong>sententiae</strong></span> <span class='ocrx_word' id='word_1_4' title='bbox 456 467 660 526; x_wconf 72' lang='lat' dir='ltr'><strong>documentum</strong></span> <span class='ocrx_word' id='word_1_5' title='bbox 681 482 768 540; x_wconf 89' lang='lat' dir='ltr'><strong>quam</strong></span> <span class='ocrx_word' id='word_1_6' title='bbox 791 462 846 522; x_wconf 85' lang='lat' dir='ltr'>sibi</span> <span class='ocrx_word' id='word_1_7' title='bbox 869 461 1182 540; x_wconf 78' lang='lat' dir='ltr'><strong>finxitAegyptiornm</strong></span> <span class='ocrx_word' id='word_1_8' title='bbox 1204 463 1354 540; x_wconf 87' lang='lat' dir='ltr'><strong>antiquis-</strong></span> 
     </span>
    </p>
   </div>
   <div class='ocr_carea' id='block_1_3' title="bbox 199 549 1463 644">
    <p class='ocr_par' dir='ltr' id='par_1_3' title="bbox 199 549 1463 644">
     <span class='ocr_line' id='line_1_3' title="bbox 199 549 1463 644; baseline -0.006 -16"><span class='ocrx_word' id='word_1_9' title='bbox 199 570 302 628; x_wconf 89' lang='lat' dir='ltr'><strong>simam</strong></span> <span class='ocrx_word' id='word_1_10' title='bbox 324 567 478 628; x_wconf 71' lang='lat' dir='ltr'><strong>historiam</strong></span> <span class='ocrx_word' id='word_1_11' title='bbox 500 570 687 644; x_wconf 82' lang='lat' dir='ltr'><strong>proponeret.</strong></span> <span class='ocrx_word' id='word_1_12' title='bbox 710 563 821 636; x_wconf 77' lang='lat' dir='ltr'>Quibus</span> <span class='ocrx_word' id='word_1_13' title='bbox 844 562 916 620; x_wconf 91' lang='lat' dir='ltr'><strong>nihil</strong></span> <span class='ocrx_word' id='word_1_14' title='bbox 941 562 1086 639; x_wconf 90' lang='lat' dir='ltr'><strong>estquod</strong></span> <span class='ocrx_word' id='word_1_15' title='bbox 1107 561 1353 638; x_wconf 79' lang='lat' dir='ltr'><strong>Scytobrachioni</strong></span> <span class='ocrx_word' id='word_1_16' title='bbox 1462 549 1463 602; x_wconf 66' lang='lat' dir='ltr'><strong>l</strong></span> 
     </span>
    </p>
   </div>
   <div class='ocr_carea' id='block_1_4' title="bbox 197 665 1357 1856">
    <p class='ocr_par' dir='ltr' id='par_1_4' title="bbox 197 665 1357 1856">
     <span class='ocr_line' id='line_1_4' title="bbox 197 665 1352 747; baseline -0.002 -21"><span class='ocrx_word' id='word_1_17' title='bbox 197 672 313 746; x_wconf 74' lang='lat' dir='ltr'><strong>gratim</strong></span> <span class='ocrx_word' id='word_1_18' title='bbox 336 669 425 727; x_wconf 85' lang='lat' dir='ltr'><strong>luisse</strong></span> <span class='ocrx_word' id='word_1_19' title='bbox 447 673 580 747; x_wconf 84' lang='lat' dir='ltr'><strong>putetur,</strong></span> <span class='ocrx_word' id='word_1_20' title='bbox 604 671 695 744; x_wconf 85' lang='lat' dir='ltr'><strong>atque</strong></span> <span class='ocrx_word' id='word_1_21' title='bbox 718 685 756 724; x_wconf 87' lang='lat' dir='ltr'><strong>ex</strong></span> <span class='ocrx_word' id='word_1_22' title='bbox 781 665 835 742; x_wconf 86' lang='lat' dir='ltr'><strong>hoc</strong></span> <span class='ocrx_word' id='word_1_23' title='bbox 861 671 891 724; x_wconf 86' lang='lat' dir='ltr'><strong>et</strong></span> <span class='ocrx_word' id='word_1_24' title='bbox 921 665 987 723; x_wconf 87' lang='lat' dir='ltr'><strong>aliis</strong></span> <span class='ocrx_word' id='word_1_25' title='bbox 1013 665 1155 724; x_wconf 90' lang='lat' dir='ltr'><strong>eiusmodi</strong></span> <span class='ocrx_word' id='word_1_26' title='bbox 1178 666 1352 725; x_wconf 85' lang='lat' dir='ltr'><strong>auctoribus</strong></span> 
     </span>
     <span class='ocr_line' id='line_1_5' title="bbox 198 766 1353 849; baseline -0.004 -20"><span class='ocrx_word' id='word_1_27' title='bbox 198 771 363 849; x_wconf 82' lang='lat' dir='ltr'><strong>Aegyptias</strong></span> <span class='ocrx_word' id='word_1_28' title='bbox 393 769 430 828; x_wconf 87' lang='lat' dir='ltr'><strong>de</strong></span> <span class='ocrx_word' id='word_1_29' title='bbox 451 768 530 828; x_wconf 82' lang='lat' dir='ltr'>Osiri</span> <span class='ocrx_word' id='word_1_30' title='bbox 562 766 678 827; x_wconf 80' lang='lat' dir='ltr'><strong>fabulas</strong></span> <span class='ocrx_word' id='word_1_31' title='bbox 705 785 770 825; x_wconf 87' lang='lat' dir='ltr'><strong>enm</strong></span> <span class='ocrx_word' id='word_1_32' title='bbox 802 766 983 843; x_wconf 79' lang='lat' dir='ltr'><strong>congessisse</strong></span> <span class='ocrx_word' id='word_1_33' title='bbox 1013 767 1243 826; x_wconf 84' lang='lat' dir='ltr'><strong>existimaverim</strong></span> <span class='ocrx_word' id='word_1_34' title='bbox 1274 785 1353 846; x_wconf 84' lang='lat' dir='ltr'><strong>quoe</strong></span> 
     </span>
     <span class='ocr_line' id='line_1_6' title="bbox 200 867 1351 952; baseline -0.005 -20"><span class='ocrx_word' id='word_1_35' title='bbox 200 872 280 951; x_wconf 84' lang='lat' dir='ltr'><strong>opud</strong></span> <span class='ocrx_word' id='word_1_36' title='bbox 301 871 462 952; x_wconf 86' lang='lat' dir='ltr'><strong>Diodorum</strong></span> <span class='ocrx_word' id='word_1_37' title='bbox 495 873 525 928; x_wconf 94' lang='lat' dir='ltr'><strong>in</strong></span> <span class='ocrx_word' id='word_1_38' title='bbox 554 890 639 948; x_wconf 89' lang='lat' dir='ltr'><strong>capp.</strong></span> <span class='ocrx_word' id='word_1_39' title='bbox 661 869 783 926; x_wconf 83' lang='lat'>14-20</span> <span class='ocrx_word' id='word_1_40' title='bbox 805 869 952 943; x_wconf 80' lang='lat' dir='ltr'><strong>leguntur.</strong></span> <span class='ocrx_word' id='word_1_41' title='bbox 996 867 1098 944; x_wconf 90' lang='lat' dir='ltr'><strong>Neque</strong></span> <span class='ocrx_word' id='word_1_42' title='bbox 1122 869 1181 927; x_wconf 89' lang='lat' dir='ltr'><strong>scio</strong></span> <span class='ocrx_word' id='word_1_43' title='bbox 1203 888 1241 926; x_wconf 91' lang='lat' dir='ltr'><strong>an</strong></span> <span class='ocrx_word' id='word_1_44' title='bbox 1264 888 1351 946; x_wconf 86' lang='lat' dir='ltr'><strong>capp.</strong></span> 
     </span>
     <span class='ocr_line' id='line_1_7' title="bbox 203 955 1353 1048; baseline -0.005 -16"><span class='ocrx_word' id='word_1_45' title='bbox 203 974 240 1032; x_wconf 82' lang='lat'><strong>21</strong></span> <span class='ocrx_word' id='word_1_46' title='bbox 265 980 296 1032; x_wconf 77' lang='grc' dir='ltr'><strong><em>α</em></strong></span> <span class='ocrx_word' id='word_1_47' title='bbox 317 975 356 1032; x_wconf 91' lang='grc'><strong>22</strong></span> <span class='ocrx_word' id='word_1_48' title='bbox 379 973 456 1032; x_wconf 75' lang='lat' dir='ltr'><strong>mua</strong></span> <span class='ocrx_word' id='word_1_49' title='bbox 488 973 540 1031; x_wconf 72' lang='lat' dir='ltr'><strong>ina</strong></span> <span class='ocrx_word' id='word_1_50' title='bbox 572 973 694 1048; x_wconf 76' lang='lat' dir='ltr'><strong>mystica</strong></span> <span class='ocrx_word' id='word_1_51' title='bbox 723 955 797 1028; x_wconf 63' lang='lat' dir='ltr'><strong>rarii</strong></span> <span class='ocrx_word' id='word_1_52' title='bbox 827 969 945 1028; x_wconf 72' lang='lat' dir='ltr'><strong>annua</strong></span> <span class='ocrx_word' id='word_1_53' title='bbox 968 969 1093 1028; x_wconf 70' lang='lat' dir='ltr'><strong>lateant:</strong></span> <span class='ocrx_word' id='word_1_54' title='bbox 1118 969 1252 1028; x_wconf 71' lang='lat' dir='ltr'><strong>similiter</strong></span> <span class='ocrx_word' id='word_1_55' title='bbox 1275 969 1353 1027; x_wconf 80' lang='lat' dir='ltr'><strong>enim</strong></span> 
     </span>
     <span class='ocr_line' id='line_1_8' title="bbox 203 1061 1354 1152; baseline -0.007 -17"><span class='ocrx_word' id='word_1_56' title='bbox 203 1081 292 1152; x_wconf 90' lang='lat' dir='ltr'><strong>atque</strong></span> <span class='ocrx_word' id='word_1_57' title='bbox 314 1075 394 1152; x_wconf 87' lang='lat' dir='ltr'><strong>apud</strong></span> <span class='ocrx_word' id='word_1_58' title='bbox 407 1074 605 1151; x_wconf 81' lang='lat' dir='ltr'><strong>Augustinum</strong></span> <span class='ocrx_word' id='word_1_59' title='bbox 630 1062 669 1151; x_wconf 84' lang='lat' dir='ltr'><strong>[d.</strong></span> <span class='ocrx_word' id='word_1_60' title='bbox 691 1072 743 1131; x_wconf 85' lang='lat' dir='ltr'><strong>civ.</strong></span> <span class='ocrx_word' id='word_1_61' title='bbox 766 1070 814 1129; x_wconf 88' lang='lat' dir='ltr'><strong>dei</strong></span> <span class='ocrx_word' id='word_1_62' title='bbox 836 1061 988 1150; x_wconf 72' lang='lat' dir='ltr'><strong>v111271,</strong></span> <span class='ocrx_word' id='word_1_63' title='bbox 1010 1071 1089 1145; x_wconf 81' lang='lat' dir='ltr'><strong>volgi</strong></span> <span class='ocrx_word' id='word_1_64' title='bbox 1118 1069 1226 1129; x_wconf 87' lang='lat' dir='ltr'><strong>fabulis</strong></span> <span class='ocrx_word' id='word_1_65' title='bbox 1254 1089 1354 1129; x_wconf 87' lang='lat' dir='ltr'><strong>saeer-</strong></span> 
     </span>
     <span class='ocr_line' id='line_1_9' title="bbox 201 1165 1353 1252; baseline -0.002 -18"><span class='ocrx_word' id='word_1_66' title='bbox 201 1175 302 1234; x_wconf 89' lang='lat' dir='ltr'><strong>dotum</strong></span> <span class='ocrx_word' id='word_1_67' title='bbox 324 1177 438 1233; x_wconf 83' lang='lat' dir='ltr'><strong>secreta</strong></span> <span class='ocrx_word' id='word_1_68' title='bbox 460 1173 650 1252; x_wconf 91' lang='lat' dir='ltr'><strong>obponuntur</strong></span> <span class='ocrx_word' id='word_1_69' title='bbox 672 1167 710 1250; x_wconf 91' lang='lat' dir='ltr'><strong>[c.</strong></span> <span class='ocrx_word' id='word_1_70' title='bbox 728 1172 777 1243; x_wconf 87' lang='lat'><strong>21,</strong></span> <span class='ocrx_word' id='word_1_71' title='bbox 799 1168 845 1249; x_wconf 92' lang='lat' dir='ltr'><strong>l]:</strong></span> <span class='ocrx_word' id='word_1_72' title='bbox 873 1174 927 1229; x_wconf 79' lang='grc' dir='ltr'><strong>τῶν</strong></span> <span class='ocrx_word' id='word_1_73' title='bbox 949 1167 976 1227; x_wconf 81' lang='grc' dir='ltr'><strong>δ’</strong></span> <span class='ocrx_word' id='word_1_74' title='bbox 1000 1165 1100 1247; x_wconf 79' lang='grc' dir='ltr'>ἱερέων</span> <span class='ocrx_word' id='word_1_75' title='bbox 1122 1169 1187 1249; x_wconf 80' lang='grc' dir='ltr'><strong><em>περὶ</em></strong></span> <span class='ocrx_word' id='word_1_76' title='bbox 1208 1174 1260 1248; x_wconf 86' lang='grc' dir='ltr'><strong>τῆς</strong></span> <span class='ocrx_word' id='word_1_77' title='bbox 1274 1167 1353 1232; x_wconf 87' lang='grc' dir='ltr'><strong><em>Ὀσί-</em></strong></span> 
     </span>
     <span class='ocr_line' id='line_1_10' title="bbox 201 1267 1354 1356; baseline -0.003 -22"><span class='ocrx_word' id='word_1_78' title='bbox 201 1273 280 1353; x_wconf 88' lang='grc' dir='ltr'><strong><em>ριδος</em></strong></span> <span class='ocrx_word' id='word_1_79' title='bbox 309 1275 441 1353; x_wconf 80' lang='grc' dir='ltr'><strong>τελευτῆς</strong></span> <span class='ocrx_word' id='word_1_80' title='bbox 465 1271 496 1346; x_wconf 82' lang='grc' dir='ltr'><strong>ἒξ</strong></span> <span class='ocrx_word' id='word_1_81' title='bbox 527 1269 656 1353; x_wconf 87' lang='grc' dir='ltr'><strong><em>ἀρχαίων</em></strong></span> <span class='ocrx_word' id='word_1_82' title='bbox 682 1269 715 1331; x_wconf 76' lang='grc' dir='ltr'><strong>ἐν</strong></span> <span class='ocrx_word' id='word_1_83' title='bbox 744 1268 919 1350; x_wconf 82' lang='grc' dir='ltr'><em>ἀπορρήτοις</em></span> <span class='ocrx_word' id='word_1_84' title='bbox 940 1267 1157 1351; x_wconf 79' lang='grc' dir='ltr'><strong><em>παρειληφότων</em></strong></span> <span class='ocrx_word' id='word_1_85' title='bbox 1188 1267 1227 1356; x_wconf 76' lang='grc' dir='ltr'><strong>τῷ</strong></span> <span class='ocrx_word' id='word_1_86' title='bbox 1255 1268 1354 1356; x_wconf 82' lang='grc' dir='ltr'><strong><em>χρόνῳ</em></strong></span> 
     </span>
     <span class='ocr_line' id='line_1_11' title="bbox 205 1367 1352 1454; baseline -0.003 -19"><span class='ocrx_word' id='word_1_87' title='bbox 205 1371 274 1435; x_wconf 77' lang='grc' dir='ltr'><strong><em>ποτὲ</em></strong></span> <span class='ocrx_word' id='word_1_88' title='bbox 296 1371 400 1454; x_wconf 78' lang='grc' dir='ltr'><strong><em>συνέβη</em></strong></span> <span class='ocrx_word' id='word_1_89' title='bbox 422 1367 469 1435; x_wconf 90' lang='grc' dir='ltr'><strong><em>διά</em></strong></span> <span class='ocrx_word' id='word_1_90' title='bbox 492 1395 574 1435; x_wconf 87' lang='grc' dir='ltr'><strong><em>τινων</em></strong></span> <span class='ocrx_word' id='word_1_91' title='bbox 594 1372 636 1446; x_wconf 82' lang='grc' dir='ltr'><strong>εἰς</strong></span> <span class='ocrx_word' id='word_1_92' title='bbox 655 1371 720 1445; x_wconf 71' lang='grc' dir='ltr'><strong><em>τοὺς</em></strong></span> <span class='ocrx_word' id='word_1_93' title='bbox 741 1369 862 1444; x_wconf 75' lang='grc' dir='ltr'><strong><em>πολλοὺς</em></strong></span> <span class='ocrx_word' id='word_1_94' title='bbox 890 1369 1080 1451; x_wconf 73' lang='grc' dir='ltr'><strong><em>ἐξενεχθῆναι</em></strong></span> <span class='ocrx_word' id='word_1_95' title='bbox 1101 1370 1131 1434; x_wconf 87' lang='grc' dir='ltr'><strong>τὸ</strong></span> <span class='ocrx_word' id='word_1_96' title='bbox 1153 1369 1352 1450; x_wconf 82' lang='grc' dir='ltr'><strong><em>σιωπώμενον.</em></strong></span> 
     </span>
     <span class='ocr_line' id='line_1_12' title="bbox 204 1465 1352 1556; baseline -0.003 -18"><span class='ocrx_word' id='word_1_97' title='bbox 204 1478 292 1538; x_wconf 81' lang='lat' dir='ltr'><strong>Certo</strong></span> <span class='ocrx_word' id='word_1_98' title='bbox 303 1498 388 1556; x_wconf 85' lang='lat' dir='ltr'><strong>capp.</strong></span> <span class='ocrx_word' id='word_1_99' title='bbox 405 1480 443 1536; x_wconf 83' lang='lat'><strong>23</strong></span> <span class='ocrx_word' id='word_1_100' title='bbox 456 1483 487 1537; x_wconf 90' lang='lat' dir='ltr'><strong>et</strong></span> <span class='ocrx_word' id='word_1_101' title='bbox 499 1479 537 1536; x_wconf 87' lang='grc'><strong>24</strong></span> <span class='ocrx_word' id='word_1_102' title='bbox 550 1477 689 1554; x_wconf 86' lang='lat' dir='ltr'><strong>Dionysio</strong></span> <span class='ocrx_word' id='word_1_103' title='bbox 701 1477 902 1546; x_wconf 90' lang='lat' dir='ltr'><strong>vindicantur;</strong></span> <span class='ocrx_word' id='word_1_104' title='bbox 915 1475 1040 1534; x_wconf 85' lang='lat' dir='ltr'><strong>alterum</strong></span> <span class='ocrx_word' id='word_1_105' title='bbox 1053 1478 1128 1534; x_wconf 90' lang='lat' dir='ltr'><strong>enim</strong></span> <span class='ocrx_word' id='word_1_106' title='bbox 1141 1495 1231 1553; x_wconf 86' lang='lat' dir='ltr'><strong>supra</strong></span> <span class='ocrx_word' id='word_1_107' title='bbox 1244 1465 1284 1555; x_wconf 87' lang='lat' dir='ltr'><strong>[p.</strong></span> <span class='ocrx_word' id='word_1_108' title='bbox 1299 1465 1352 1556; x_wconf 83' lang='lat'><strong>48]</strong></span> 
     </span>
     <span class='ocr_line' id='line_1_13' title="bbox 204 1575 1355 1655; baseline -0.003 -17"><span class='ocrx_word' id='word_1_109' title='bbox 204 1599 269 1639; x_wconf 87' lang='lat' dir='ltr'><strong>eum</strong></span> <span class='ocrx_word' id='word_1_110' title='bbox 303 1577 559 1655; x_wconf 82' lang='lat' dir='ltr'><strong>Seytobraohionis</strong></span> <span class='ocrx_word' id='word_1_111' title='bbox 592 1578 628 1636; x_wconf 91' lang='lat' dir='ltr'><strong>de</strong></span> <span class='ocrx_word' id='word_1_112' title='bbox 663 1577 778 1637; x_wconf 85' lang='lat' dir='ltr'><strong>Baccho</strong></span> <span class='ocrx_word' id='word_1_113' title='bbox 810 1575 922 1653; x_wconf 87' lang='lat' dir='ltr'><strong>Libyco</strong></span> <span class='ocrx_word' id='word_1_114' title='bbox 962 1577 1162 1654; x_wconf 80' lang='lat' dir='ltr'><strong>disputatione</strong></span> <span class='ocrx_word' id='word_1_115' title='bbox 1201 1597 1355 1655; x_wconf 85' lang='lat' dir='ltr'><strong>compara·</strong></span> 
     </span>
     <span class='ocr_line' id='line_1_14' title="bbox 202 1677 1356 1757; baseline -0.001 -19"><span class='ocrx_word' id='word_1_116' title='bbox 202 1685 267 1740; x_wconf 90' lang='lat' dir='ltr'><strong>tom</strong></span> <span class='ocrx_word' id='word_1_117' title='bbox 290 1685 347 1738; x_wconf 89' lang='lat' dir='ltr'><strong>est:</strong></span> <span class='ocrx_word' id='word_1_118' title='bbox 381 1699 440 1757; x_wconf 92' lang='lat' dir='ltr'><strong>quo</strong></span> <span class='ocrx_word' id='word_1_119' title='bbox 468 1698 535 1738; x_wconf 87' lang='lat' dir='ltr'><strong>vero</strong></span> <span class='ocrx_word' id='word_1_120' title='bbox 563 1679 683 1738; x_wconf 89' lang='lat' dir='ltr'><strong>consilio</strong></span> <span class='ocrx_word' id='word_1_121' title='bbox 705 1678 761 1737; x_wconf 94' lang='lat' dir='ltr'><strong>hoc</strong></span> <span class='ocrx_word' id='word_1_122' title='bbox 786 1679 849 1737; x_wconf 92' lang='lat' dir='ltr'><strong>loco</strong></span> <span class='ocrx_word' id='word_1_123' title='bbox 874 1678 932 1737; x_wconf 91' lang='lat' dir='ltr'><strong>duo</strong></span> <span class='ocrx_word' id='word_1_124' title='bbox 955 1677 1095 1737; x_wconf 86' lang='lat' dir='ltr'><strong>Hercules</strong></span> <span class='ocrx_word' id='word_1_125' title='bbox 1129 1677 1356 1753; x_wconf 83' lang='lat' dir='ltr'><strong>distinguuntur</strong></span> 
     </span>
     <span class='ocr_line' id='line_1_15' title="bbox 203 1777 1357 1856; baseline -0.002 -16"><span class='ocrx_word' id='word_1_126' title='bbox 203 1783 259 1840; x_wconf 87' lang='lat' dir='ltr'><strong>nisi</strong></span> <span class='ocrx_word' id='word_1_127' title='bbox 290 1786 324 1840; x_wconf 88' lang='lat' dir='ltr'><strong>ut</strong></span> <span class='ocrx_word' id='word_1_128' title='bbox 353 1783 382 1839; x_wconf 94' lang='lat' dir='ltr'><strong>in</strong></span> <span class='ocrx_word' id='word_1_129' title='bbox 406 1780 521 1840; x_wconf 90' lang='lat' dir='ltr'><strong>Baccho</strong></span> <span class='ocrx_word' id='word_1_130' title='bbox 554 1780 661 1839; x_wconf 88' lang='lat' dir='ltr'><strong>similes</strong></span> <span class='ocrx_word' id='word_1_131' title='bbox 692 1778 987 1845; x_wconf 84' lang='lat' dir='ltr'><strong>rationes.chtinere</strong></span> <span class='ocrx_word' id='word_1_132' title='bbox 1008 1777 1174 1856; x_wconf 72' lang='lat' dir='ltr'><strong>probetur?</strong></span> <span class='ocrx_word' id='word_1_133' title='bbox 1189 1781 1357 1840; x_wconf 76' lang='lat' dir='ltr'><strong>Praeterea</strong></span> 
     </span>
    </p>
   </div>
   <div class='ocr_carea' id='block_1_5' title="bbox 206 1881 1466 2061">
    <p class='ocr_par' dir='ltr' id='par_1_5' title="bbox 206 1881 1466 2061">
     <span class='ocr_line' id='line_1_16' title="bbox 206 1881 1466 1960; baseline 0 -20"><span class='ocrx_word' id='word_1_134' title='bbox 206 1901 241 1940; x_wconf 87' lang='lat' dir='ltr'><strong>ex</strong></span> <span class='ocrx_word' id='word_1_135' title='bbox 263 1885 390 1941; x_wconf 88' lang='lat' dir='ltr'><strong>numeris</strong></span> <span class='ocrx_word' id='word_1_136' title='bbox 424 1902 447 1941; x_wconf 92' lang='lat' dir='ltr'><strong>c.</strong></span> <span class='ocrx_word' id='word_1_137' title='bbox 466 1885 515 1960; x_wconf 84' lang='grc'>23,</span> <span class='ocrx_word' id='word_1_138' title='bbox 536 1885 561 1954; x_wconf 60' lang='lat' dir='ltr'><strong>i¹</strong></span> <span class='ocrx_word' id='word_1_139' title='bbox 583 1883 659 1941; x_wconf 89' lang='lat' dir='ltr'><strong>inter</strong></span> <span class='ocrx_word' id='word_1_140' title='bbox 693 1903 724 1940; x_wconf 88' lang='lat' dir='ltr'><strong>se</strong></span> <span class='ocrx_word' id='word_1_141' title='bbox 756 1881 899 1959; x_wconf 85' lang='lat' dir='ltr'><strong>obpositis</strong></span> <span class='ocrx_word' id='word_1_142' title='bbox 932 1882 1009 1939; x_wconf 85' lang='lat' dir='ltr'><strong>alter</strong></span> <span class='ocrx_word' id='word_1_143' title='bbox 1042 1887 1120 1940; x_wconf 88' lang='lat' dir='ltr'><strong>corte</strong></span> <span class='ocrx_word' id='word_1_144' title='bbox 1153 1881 1190 1940; x_wconf 84' lang='lat' dir='ltr'><strong>ad</strong></span> <span class='ocrx_word' id='word_1_145' title='bbox 1221 1901 1255 1940; x_wconf 88' lang='lat' dir='ltr'><strong>ea</strong></span> <span class='ocrx_word' id='word_1_146' title='bbox 1276 1902 1355 1958; x_wconf 87' lang='lat' dir='ltr'><strong>quae</strong></span> <span class='ocrx_word' id='word_1_147' title='bbox 1465 1925 1466 1950; x_wconf 44' lang='grc' dir='ltr'><strong><em>ι</em></strong></span> 
     </span>
     <span class='ocr_line' id='line_1_17' title="bbox 206 1965 1466 2061; baseline -0.002 -20"><span class='ocrx_word' id='word_1_148' title='bbox 206 2003 230 2041; x_wconf 91' lang='lat' dir='ltr'><strong>c.</strong></span> <span class='ocrx_word' id='word_1_149' title='bbox 249 1985 297 2058; x_wconf 82' lang='grc'>24,</span> <span class='ocrx_word' id='word_1_150' title='bbox 315 1986 333 2042; x_wconf 94' lang='grc'>2</span> <span class='ocrx_word' id='word_1_151' title='bbox 356 1983 494 2043; x_wconf 89' lang='lat' dir='ltr'><strong>dicuntur</strong></span> <span class='ocrx_word' id='word_1_152' title='bbox 515 1988 647 2060; x_wconf 86' lang='lat' dir='ltr'><strong>spectat:</strong></span> <span class='ocrx_word' id='word_1_153' title='bbox 669 1978 720 2040; x_wconf 84' lang='grc' dir='ltr'><strong>ἀπ’</strong></span> <span class='ocrx_word' id='word_1_154' title='bbox 742 1978 848 2059; x_wconf 80' lang='grc' dir='ltr'><strong><em>ἐκείνης</em></strong></span> <span class='ocrx_word' id='word_1_155' title='bbox 868 1977 999 2060; x_wconf 82' lang='grc' dir='ltr'><strong><em>μὲνγὰρ</em></strong></span> <span class='ocrx_word' id='word_1_156' title='bbox 1021 1984 1090 2058; x_wconf 87' lang='grc' dir='ltr'><strong><em>παρ’</em></strong></span> <span class='ocrx_word' id='word_1_157' title='bbox 1114 1978 1290 2059; x_wconf 73' lang='grc' dir='ltr'><strong><em>Αἰγυπτίοις</em></strong></span> <span class='ocrx_word' id='word_1_158' title='bbox 1308 1976 1358 2061; x_wconf 79' lang='grc' dir='ltr'><strong>ἔτη</strong></span> <span class='ocrx_word' id='word_1_159' title='bbox 1465 1965 1466 2038; x_wconf 52' lang='lat' dir='ltr'><strong>l</strong></span> 
     </span>
    </p>
   </div>
   <div class='ocr_carea' id='block_1_6' title="bbox 146 2080 1359 2368">
    <p class='ocr_par' dir='ltr' id='par_1_6' title="bbox 146 2080 1359 2368">
     <span class='ocr_line' id='line_1_18' title="bbox 206 2080 1357 2162; baseline 0.003 -22"><span class='ocrx_word' id='word_1_160' title='bbox 206 2084 456 2162; x_wconf 64' lang='grc' dir='ltr'><strong>καταριθμεῖσθαι</strong></span> <span class='ocrx_word' id='word_1_161' title='bbox 490 2080 577 2143; x_wconf 83' lang='grc' dir='ltr'><strong><em>πλείω</em></strong></span> <span class='ocrx_word' id='word_1_162' title='bbox 609 2086 664 2142; x_wconf 82' lang='grc' dir='ltr'><strong>τῶν</strong></span> <span class='ocrx_word' id='word_1_163' title='bbox 695 2081 817 2160; x_wconf 87' lang='grc' dir='ltr'><strong><em>μυρίων.</em></strong></span> <span class='ocrx_word' id='word_1_164' title='bbox 852 2115 886 2124; x_wconf 91' lang='grc'>-</span> <span class='ocrx_word' id='word_1_165' title='bbox 923 2083 1076 2142; x_wconf 87' lang='lat' dir='ltr'><strong>Postremo</strong></span> <span class='ocrx_word' id='word_1_166' title='bbox 1109 2082 1218 2142; x_wconf 88' lang='lat' dir='ltr'><strong>adnoto</strong></span> <span class='ocrx_word' id='word_1_167' title='bbox 1247 2084 1357 2144; x_wconf 86' lang='lat' dir='ltr'><strong>Leonis</strong></span> 
     </span>
     <span class='ocr_line' id='line_1_19' title="bbox 209 2183 1359 2262; baseline 0.002 -20"><span class='ocrx_word' id='word_1_168' title='bbox 209 2185 282 2242; x_wconf 87' lang='lat' dir='ltr'><strong>Isidi</strong></span> <span class='ocrx_word' id='word_1_169' title='bbox 316 2185 489 2262; x_wconf 89' lang='lat' dir='ltr'><strong>parentibus</strong></span> <span class='ocrx_word' id='word_1_170' title='bbox 525 2185 700 2244; x_wconf 87' lang='lat' dir='ltr'><strong>sacrificanti</strong></span> <span class='ocrx_word' id='word_1_171' title='bbox 726 2185 882 2244; x_wconf 86' lang='lat' dir='ltr'><strong>Euhemeri</strong></span> <span class='ocrx_word' id='word_1_172' title='bbox 913 2185 1013 2244; x_wconf 87' lang='lat' dir='ltr'><strong>lovem</strong></span> <span class='ocrx_word' id='word_1_173' title='bbox 1033 2183 1121 2244; x_wconf 83' lang='lat' dir='ltr'><strong>Caelo</strong></span> <span class='ocrx_word' id='word_1_174' title='bbox 1148 2205 1202 2243; x_wconf 83' lang='lat' dir='ltr'><strong>evo</strong></span> <span class='ocrx_word' id='word_1_175' title='bbox 1230 2183 1359 2245; x_wconf 70' lang='lat' dir='ltr'><strong>hostidm</strong></span> 
     </span>
     <span class='ocr_line' id='line_1_20' title="bbox 146 2270 1359 2368; baseline 0.002 -26"><span class='ocrx_word' id='word_1_176' title='bbox 146 2270 151 2283; x_wconf 63' lang='grc'>’</span> <span class='ocrx_word' id='word_1_177' title='bbox 207 2286 404 2346; x_wconf 80' lang='lat' dir='ltr'><strong>immolantem</strong></span> <span class='ocrx_word' id='word_1_178' title='bbox 433 2288 507 2346; x_wconf 85' lang='lat' dir='ltr'><strong>satis</strong></span> <span class='ocrx_word' id='word_1_179' title='bbox 531 2286 677 2364; x_wconf 74' lang='lat' dir='ltr'><strong>quadrare</strong></span> <span class='ocrx_word' id='word_1_180' title='bbox 705 2279 752 2365; x_wconf 75' lang='lat' dir='ltr'><strong>[of.</strong></span> <span class='ocrx_word' id='word_1_181' title='bbox 775 2287 858 2346; x_wconf 85' lang='lat' dir='ltr'><strong>Lact.</strong></span> <span class='ocrx_word' id='word_1_182' title='bbox 887 2287 943 2345; x_wconf 89' lang='lat' dir='ltr'><strong>div.</strong></span> <span class='ocrx_word' id='word_1_183' title='bbox 971 2289 1040 2345; x_wconf 90' lang='lat' dir='ltr'><strong>inst.</strong></span> <span class='ocrx_word' id='word_1_184' title='bbox 1064 2279 1260 2368; x_wconf 80' lang='lat' dir='ltr'><strong>111]:idem</strong></span> <span class='ocrx_word' id='word_1_185' title='bbox 1284 2288 1359 2365; x_wconf 92' lang='lat' dir='ltr'><strong>Inp-</strong></span> 
     </span>
    </p>
   </div>
   <div class='ocr_carea' id='block_1_7' title="bbox 206 2377 1467 2468">
    <p class='ocr_par' dir='ltr' id='par_1_7' title="bbox 206 2377 1467 2468">
     <span class='ocr_line' id='line_1_21' title="bbox 206 2377 1467 2468; baseline 0.002 -24"><span class='ocrx_word' id='word_1_186' title='bbox 206 2389 284 2465; x_wconf 92' lang='lat' dir='ltr'><strong>piter</strong></span> <span class='ocrx_word' id='word_1_187' title='bbox 305 2388 364 2447; x_wconf 88' lang='lat' dir='ltr'><strong>illic</strong></span> <span class='ocrx_word' id='word_1_188' title='bbox 396 2388 527 2446; x_wconf 90' lang='lat' dir='ltr'><strong>homines</strong></span> <span class='ocrx_word' id='word_1_189' title='bbox 550 2407 636 2446; x_wconf 88' lang='lat' dir='ltr'><strong>earne</strong></span> <span class='ocrx_word' id='word_1_190' title='bbox 659 2386 787 2446; x_wconf 85' lang='lat' dir='ltr'><strong>hnmana</strong></span> <span class='ocrx_word' id='word_1_191' title='bbox 809 2389 885 2446; x_wconf 85' lang='lat' dir='ltr'><strong>vesci</strong></span> <span class='ocrx_word' id='word_1_192' title='bbox 907 2392 990 2446; x_wconf 81' lang='lat' dir='ltr'><strong>vetat</strong></span> <span class='ocrx_word' id='word_1_193' title='bbox 1012 2379 1043 2468; x_wconf 87' lang='lat' dir='ltr'><strong>[l.</strong></span> <span class='ocrx_word' id='word_1_194' title='bbox 1059 2407 1083 2448; x_wconf 88' lang='lat' dir='ltr'><strong>e.</strong></span> <span class='ocrx_word' id='word_1_195' title='bbox 1098 2409 1122 2447; x_wconf 90' lang='lat' dir='ltr'><strong>c.</strong></span> <span class='ocrx_word' id='word_1_196' title='bbox 1143 2378 1189 2468; x_wconf 82' lang='lat'><strong>13]</strong></span> <span class='ocrx_word' id='word_1_197' title='bbox 1214 2377 1252 2446; x_wconf 60' lang='lat' dir='ltr'><strong>et⁴</strong></span> <span class='ocrx_word' id='word_1_198' title='bbox 1263 2390 1357 2465; x_wconf 87' lang='lat' dir='ltr'><strong>siquis</strong></span> <span class='ocrx_word' id='word_1_199' title='bbox 1466 2385 1467 2440; x_wconf 66' lang='lat' dir='ltr'><strong>l</strong></span> 
     </span>
    </p>
   </div>
   <div class='ocr_carea' id='block_1_8' title="bbox 186 2479 1357 2778">
    <p class='ocr_par' dir='ltr' id='par_1_8' title="bbox 186 2479 1357 2778">
     <span class='ocr_line' id='line_1_22' title="bbox 207 2479 1356 2570; baseline 0.001 -24"><span class='ocrx_word' id='word_1_200' title='bbox 207 2488 279 2566; x_wconf 91' lang='lat' dir='ltr'><strong>quid</strong></span> <span class='ocrx_word' id='word_1_201' title='bbox 301 2489 369 2546; x_wconf 88' lang='lat' dir='ltr'><strong>novi</strong></span> <span class='ocrx_word' id='word_1_202' title='bbox 391 2488 550 2547; x_wconf 86' lang='lat' dir='ltr'><strong>invenisset</strong></span> <span class='ocrx_word' id='word_1_203' title='bbox 561 2508 625 2546; x_wconf 90' lang='lat' dir='ltr'><strong>eum</strong></span> <span class='ocrx_word' id='word_1_204' title='bbox 650 2485 704 2547; x_wconf 88' lang='lat' dir='ltr'><strong>hoo</strong></span> <span class='ocrx_word' id='word_1_205' title='bbox 722 2489 778 2546; x_wconf 87' lang='lat' dir='ltr'><strong>sibi</strong></span> <span class='ocrx_word' id='word_1_206' title='bbox 793 2488 946 2547; x_wconf 89' lang='lat' dir='ltr'><strong>ostendere</strong></span> <span class='ocrx_word' id='word_1_207' title='bbox 962 2489 1044 2547; x_wconf 88' lang='lat' dir='ltr'><strong>iubet</strong></span> <span class='ocrx_word' id='word_1_208' title='bbox 1061 2479 1090 2569; x_wconf 85' lang='lat' dir='ltr'><strong>[l.</strong></span> <span class='ocrx_word' id='word_1_209' title='bbox 1103 2510 1127 2547; x_wconf 89' lang='grc' dir='ltr'><strong>ο.</strong></span> <span class='ocrx_word' id='word_1_210' title='bbox 1146 2479 1206 2570; x_wconf 84' lang='grc'>11],</span> <span class='ocrx_word' id='word_1_211' title='bbox 1229 2509 1356 2565; x_wconf 88' lang='lat' dir='ltr'><strong>quocum</strong></span> 
     </span>
     <span class='ocr_line' id='line_1_23' title="bbox 187 2579 1357 2673; baseline 0.001 -26"><span class='ocrx_word' id='word_1_212' title='bbox 187 2590 357 2649; x_wconf 75' lang='lat' dir='ltr'><strong>-Diodorea</strong></span> <span class='ocrx_word' id='word_1_213' title='bbox 378 2607 534 2666; x_wconf 84' lang='lat' dir='ltr'><strong>componas</strong></span> <span class='ocrx_word' id='word_1_214' title='bbox 555 2579 712 2670; x_wconf 82' lang='lat'>[115‚4]:</span> <span class='ocrx_word' id='word_1_215' title='bbox 737 2589 935 2667; x_wconf 83' lang='grc' dir='ltr'><strong><em>προτιμᾶσθαι</em></strong></span> <span class='ocrx_word' id='word_1_216' title='bbox 957 2585 1087 2667; x_wconf 80' lang='grc' dir='ltr'><strong><em>δὲπαρά</em></strong></span> <span class='ocrx_word' id='word_1_217' title='bbox 1109 2593 1148 2673; x_wconf 77' lang='grc' dir='ltr'><strong>τῷ</strong></span> <span class='ocrx_word' id='word_1_218' title='bbox 1165 2585 1284 2666; x_wconf 78' lang='grc' dir='ltr'><strong>Ὀσίριδι</strong></span> <span class='ocrx_word' id='word_1_219' title='bbox 1306 2590 1357 2649; x_wconf 84' lang='grc' dir='ltr'><strong>καί</strong></span> 
     </span>
     <span class='ocr_line' id='line_1_24' title="bbox 186 2678 1356 2778; baseline 0.003 -30"><span class='ocrx_word' id='word_1_220' title='bbox 186 2687 335 2778; x_wconf 18' lang='lat' dir='ltr'><strong>&#39;effluo</strong></span> <span class='ocrx_word' id='word_1_221' title='bbox 357 2687 421 2760; x_wconf 82' lang='grc' dir='ltr'><strong><em>τοίς</em></strong></span> <span class='ocrx_word' id='word_1_222' title='bbox 441 2685 490 2762; x_wconf 82' lang='grc' dir='ltr'><strong>τὰς</strong></span> <span class='ocrx_word' id='word_1_223' title='bbox 512 2685 610 2766; x_wconf 78' lang='grc' dir='ltr'><strong><em>τέχνας</em></strong></span> <span class='ocrx_word' id='word_1_224' title='bbox 623 2685 840 2768; x_wconf 80' lang='grc' dir='ltr'><strong><em>ἀνευρίσκοντας</em></strong></span> <span class='ocrx_word' id='word_1_225' title='bbox 861 2682 881 2767; x_wconf 79' lang='grc' dir='ltr'><strong><em>ἢ</em></strong></span> <span class='ocrx_word' id='word_1_226' title='bbox 898 2678 1117 2764; x_wconf 77' lang='grc' dir='ltr'><strong><em>μεθοδεύοντάς</em></strong></span> <span class='ocrx_word' id='word_1_227' title='bbox 1136 2711 1161 2748; x_wconf 86' lang='grc' dir='ltr'><strong>τι</strong></span> <span class='ocrx_word' id='word_1_228' title='bbox 1182 2681 1237 2749; x_wconf 80' lang='grc' dir='ltr'><strong>των</strong></span> <span class='ocrx_word' id='word_1_229' title='bbox 1257 2688 1356 2769; x_wconf 82' lang='grc' dir='ltr'><strong><em>χρησί-</em></strong></span> 
     </span>
    </p>
   </div>
   <div class='ocr_carea' id='block_1_9' title="bbox 213 2837 411 2846">
    <p class='ocr_par' dir='ltr' id='par_1_9' title="bbox 213 2837 411 2846">
     <span class='ocr_line' id='line_1_25' title="bbox 213 2837 411 2846; baseline 0 -1"><span class='ocrx_word' id='word_1_230' title='bbox 213 2837 411 2846; x_wconf 66' lang='lat'><strong>--—--—...-.</strong></span> 
     </span>
    </p>
   </div>
   <div class='ocr_carea' id='block_1_10' title="bbox 208 2916 1396 4407">
    <p class='ocr_par' dir='ltr' id='par_1_10' title="bbox 208 2916 1396 4407">
     <span class='ocr_line' id='line_1_26' title="bbox 208 2916 1358 2992; baseline 0.007 -23"><span class='ocrx_word' id='word_1_231' title='bbox 208 2916 340 2986; x_wconf 88' lang='grc' dir='ltr'><strong><em>Ὀσίριδος</em></strong></span> <span class='ocrx_word' id='word_1_232' title='bbox 360 2921 581 2992; x_wconf 72' lang='grc' dir='ltr'><strong><em>ἐπινοησαμένου</em></strong></span> <span class='ocrx_word' id='word_1_233' title='bbox 604 2925 649 2974; x_wconf 81' lang='grc' dir='ltr'><strong><em>καὶ</em></strong></span> <span class='ocrx_word' id='word_1_234' title='bbox 671 2919 720 2986; x_wconf 75' lang='grc' dir='ltr'><strong>τὴν</strong></span> <span class='ocrx_word' id='word_1_235' title='bbox 745 2916 847 2975; x_wconf 78' lang='grc' dir='ltr'><strong><em>τούτων</em></strong></span> <span class='ocrx_word' id='word_1_236' title='bbox 865 2926 1048 2992; x_wconf 77' lang='grc' dir='ltr'><strong><em>κατεργασίαν</em></strong></span> <span class='ocrx_word' id='word_1_237' title='bbox 1066 2922 1120 2974; x_wconf 85' lang='grc' dir='ltr'><strong>τῶν</strong></span> <span class='ocrx_word' id='word_1_238' title='bbox 1138 2923 1252 2990; x_wconf 84' lang='grc' dir='ltr'><strong><em>καρπῶν</em></strong></span> <span class='ocrx_word' id='word_1_239' title='bbox 1270 2921 1358 2990; x_wconf 78' lang='grc' dir='ltr'><strong><em>ἡδέως</em></strong></span> 
     </span>
     <span class='ocr_line' id='line_1_27' title="bbox 209 3003 1358 3083; baseline 0.005 -24"><span class='ocrx_word' id='word_1_240' title='bbox 209 3010 384 3078; x_wconf 68' lang='grc' dir='ltr'><strong><em>μεταθέσθαι</em></strong></span> <span class='ocrx_word' id='word_1_241' title='bbox 404 3003 509 3066; x_wconf 77' lang='grc' dir='ltr'><strong><em>πάντας</em></strong></span> <span class='ocrx_word' id='word_1_242' title='bbox 526 3005 575 3073; x_wconf 82' lang='grc' dir='ltr'><strong>τὴν</strong></span> <span class='ocrx_word' id='word_1_243' title='bbox 592 3007 698 3079; x_wconf 84' lang='grc' dir='ltr'><strong><em>τροφὴν</em></strong></span> <span class='ocrx_word' id='word_1_244' title='bbox 716 3005 762 3060; x_wconf 86' lang='grc' dir='ltr'><strong><em>διά</em></strong></span> <span class='ocrx_word' id='word_1_245' title='bbox 783 3027 811 3062; x_wconf 88' lang='grc' dir='ltr'><strong>τε</strong></span> <span class='ocrx_word' id='word_1_246' title='bbox 835 3006 883 3074; x_wconf 85' lang='grc' dir='ltr'><strong>τὴν</strong></span> <span class='ocrx_word' id='word_1_247' title='bbox 901 3007 1002 3075; x_wconf 82' lang='grc' dir='ltr'><strong><em>ἡδονὴν</em></strong></span> <span class='ocrx_word' id='word_1_248' title='bbox 1020 3010 1065 3075; x_wconf 84' lang='grc' dir='ltr'><strong>τῆς</strong></span> <span class='ocrx_word' id='word_1_249' title='bbox 1084 3004 1193 3080; x_wconf 81' lang='grc' dir='ltr'><strong><em>φάσεως</em></strong></span> <span class='ocrx_word' id='word_1_250' title='bbox 1212 3011 1267 3064; x_wconf 81' lang='grc' dir='ltr'><strong>τῶν</strong></span> <span class='ocrx_word' id='word_1_251' title='bbox 1286 3009 1358 3083; x_wconf 83' lang='grc' dir='ltr'><strong><em>εὑρε-</em></strong></span> 
     </span>
     <span class='ocr_line' id='line_1_28' title="bbox 209 3091 1359 3168; baseline 0.003 -20"><span class='ocrx_word' id='word_1_252' title='bbox 209 3099 316 3150; x_wconf 78' lang='grc' dir='ltr'><strong><em>θέντων</em></strong></span> <span class='ocrx_word' id='word_1_253' title='bbox 342 3100 388 3150; x_wconf 82' lang='grc' dir='ltr'><strong>καί</strong></span> <span class='ocrx_word' id='word_1_254' title='bbox 415 3093 461 3148; x_wconf 89' lang='grc' dir='ltr'><strong><em>διά</em></strong></span> <span class='ocrx_word' id='word_1_255' title='bbox 488 3099 518 3148; x_wconf 87' lang='grc' dir='ltr'><strong>τὸ</strong></span> <span class='ocrx_word' id='word_1_256' title='bbox 546 3101 699 3168; x_wconf 84' lang='grc' dir='ltr'><strong><em>φαίνεσθαι</em></strong></span> <span class='ocrx_word' id='word_1_257' title='bbox 729 3101 874 3168; x_wconf 74' lang='grc' dir='ltr'><strong><em>συμφέρον</em></strong></span> <span class='ocrx_word' id='word_1_258' title='bbox 902 3091 1036 3168; x_wconf 82' lang='grc' dir='ltr'><strong><em>ὑπάρχειν</em></strong></span> <span class='ocrx_word' id='word_1_259' title='bbox 1058 3094 1215 3168; x_wconf 81' lang='grc' dir='ltr'><strong><em>ἀπέχεσθαι</em></strong></span> <span class='ocrx_word' id='word_1_260' title='bbox 1235 3099 1280 3165; x_wconf 82' lang='grc' dir='ltr'><strong>τῆς</strong></span> <span class='ocrx_word' id='word_1_261' title='bbox 1299 3101 1359 3152; x_wconf 85' lang='grc' dir='ltr'><strong><em>κατ’</em></strong></span> 
     </span>
     <span class='ocr_line' id='line_1_29' title="bbox 209 3177 1358 3258; baseline 0.005 -23"><span class='ocrx_word' id='word_1_262' title='bbox 209 3179 331 3250; x_wconf 77' lang='grc' dir='ltr'><strong><em>ἀλλήλων</em></strong></span> <span class='ocrx_word' id='word_1_263' title='bbox 350 3181 488 3256; x_wconf 83' lang='grc' dir='ltr'><strong><em>ὠμότητος</em></strong></span> <span class='ocrx_word' id='word_1_264' title='bbox 505 3223 587 3240; x_wconf 86' lang='grc'><strong>.....</strong></span> <span class='ocrx_word' id='word_1_265' title='bbox 598 3185 614 3239; x_wconf 85' lang='grc'><strong>3</strong></span> <span class='ocrx_word' id='word_1_266' title='bbox 640 3192 729 3240; x_wconf 75' lang='grc' dir='ltr'><strong><em>θεῖναι</em></strong></span> <span class='ocrx_word' id='word_1_267' title='bbox 755 3185 790 3240; x_wconf 85' lang='grc' dir='ltr'><strong>δέ</strong></span> <span class='ocrx_word' id='word_1_268' title='bbox 808 3202 878 3257; x_wconf 85' lang='grc' dir='ltr'><strong><em>φασι.</em></strong></span> <span class='ocrx_word' id='word_1_269' title='bbox 897 3188 943 3238; x_wconf 87' lang='grc' dir='ltr'><strong><em>καὶ</em></strong></span> <span class='ocrx_word' id='word_1_270' title='bbox 962 3181 1062 3258; x_wconf 86' lang='grc' dir='ltr'><strong><em>νόμους</em></strong></span> <span class='ocrx_word' id='word_1_271' title='bbox 1078 3184 1128 3251; x_wconf 82' lang='grc' dir='ltr'><strong>τὴν</strong></span> <span class='ocrx_word' id='word_1_272' title='bbox 1144 3177 1210 3240; x_wconf 76' lang='grc' dir='ltr'><strong><em>Ἰστν</em></strong></span> <span class='ocrx_word' id='word_1_273' title='bbox 1228 3188 1292 3239; x_wconf 76' lang='grc' dir='ltr'><strong><em>καθ’</em></strong></span> <span class='ocrx_word' id='word_1_274' title='bbox 1312 3184 1358 3247; x_wconf 73' lang='grc' dir='ltr'><strong><em>οὓς</em></strong></span> 
     </span>
     <span class='ocr_line' id='line_1_30' title="bbox 210 3267 1359 3346; baseline 0.007 -24"><span class='ocrx_word' id='word_1_275' title='bbox 210 3267 333 3338; x_wconf 79' lang='grc' dir='ltr'><strong><em>ἀλλήλοις</em></strong></span> <span class='ocrx_word' id='word_1_276' title='bbox 352 3267 459 3327; x_wconf 85' lang='grc' dir='ltr'><strong><em>διδόναι</em></strong></span> <span class='ocrx_word' id='word_1_277' title='bbox 489 3269 549 3332; x_wconf 75' lang='grc' dir='ltr'><strong><em>τοὺς</em></strong></span> <span class='ocrx_word' id='word_1_278' title='bbox 577 3268 741 3342; x_wconf 79' lang='grc' dir='ltr'><strong><em>ἀνθρώπους</em></strong></span> <span class='ocrx_word' id='word_1_279' title='bbox 765 3271 794 3326; x_wconf 88' lang='grc' dir='ltr'><strong>τὸ</strong></span> <span class='ocrx_word' id='word_1_280' title='bbox 824 3275 932 3328; x_wconf 87' lang='grc' dir='ltr'><strong><em>δίκαιον</em></strong></span> <span class='ocrx_word' id='word_1_281' title='bbox 955 3278 1000 3327; x_wconf 82' lang='grc' dir='ltr'><strong>καί</strong></span> <span class='ocrx_word' id='word_1_282' title='bbox 1022 3275 1068 3340; x_wconf 81' lang='grc' dir='ltr'><strong>τῆς</strong></span> <span class='ocrx_word' id='word_1_283' title='bbox 1087 3270 1215 3346; x_wconf 77' lang='grc' dir='ltr'><strong><em>ἀθέσμου</em></strong></span> <span class='ocrx_word' id='word_1_284' title='bbox 1233 3280 1295 3343; x_wconf 80' lang='grc' dir='ltr'><strong><em>βίας</em></strong></span> <span class='ocrx_word' id='word_1_285' title='bbox 1313 3281 1359 3330; x_wconf 88' lang='grc' dir='ltr'><strong><em>καὶ</em></strong></span> 
     </span>
     <span class='ocr_line' id='line_1_31' title="bbox 212 3355 1358 3435; baseline 0.004 -24"><span class='ocrx_word' id='word_1_286' title='bbox 212 3355 313 3430; x_wconf 78' lang='grc' dir='ltr'><strong><em>ὕβρεως</em></strong></span> <span class='ocrx_word' id='word_1_287' title='bbox 322 3355 483 3414; x_wconf 76' lang='grc' dir='ltr'><strong><em>παύσασθαι</em></strong></span> <span class='ocrx_word' id='word_1_288' title='bbox 495 3359 540 3414; x_wconf 79' lang='grc' dir='ltr'><strong><em>διὰ</em></strong></span> <span class='ocrx_word' id='word_1_289' title='bbox 559 3359 608 3416; x_wconf 86' lang='grc' dir='ltr'><strong>τὸν</strong></span> <span class='ocrx_word' id='word_1_290' title='bbox 626 3358 682 3414; x_wconf 84' lang='grc' dir='ltr'><strong>ἀπὸ</strong></span> <span class='ocrx_word' id='word_1_291' title='bbox 701 3363 747 3430; x_wconf 80' lang='grc' dir='ltr'><strong>τῆς</strong></span> <span class='ocrx_word' id='word_1_292' title='bbox 764 3368 895 3434; x_wconf 77' lang='grc' dir='ltr'><strong><em>τιμωρίας</em></strong></span> <span class='ocrx_word' id='word_1_293' title='bbox 914 3359 1006 3435; x_wconf 79' lang='grc' dir='ltr'><strong><em>φόβον</em></strong></span> <span class='ocrx_word' id='word_1_294' title='bbox 1020 3406 1025 3418; x_wconf 95' lang='grc'><strong>.</strong></span> <span class='ocrx_word' id='word_1_295' title='bbox 1041 3405 1084 3418; x_wconf 91' lang='grc'><strong>...</strong></span> <span class='ocrx_word' id='word_1_296' title='bbox 1103 3365 1171 3431; x_wconf 78' lang='grc' dir='ltr'><strong>Ιῧ,3</strong></span> <span class='ocrx_word' id='word_1_297' title='bbox 1191 3355 1358 3432; x_wconf 78' lang='grc' dir='ltr'><strong><em>ίδράσασθαι</em></strong></span> 
     </span>
     <span class='ocr_line' id='line_1_32' title="bbox 214 3445 1358 3523; baseline 0.004 -24"><span class='ocrx_word' id='word_1_298' title='bbox 214 3447 245 3500; x_wconf 80' lang='grc' dir='ltr'><strong>δὲ</strong></span> <span class='ocrx_word' id='word_1_299' title='bbox 264 3451 309 3500; x_wconf 83' lang='grc' dir='ltr'><strong>καί</strong></span> <span class='ocrx_word' id='word_1_300' title='bbox 336 3446 410 3519; x_wconf 78' lang='grc' dir='ltr'><strong><em>ἱερὸν</em></strong></span> <span class='ocrx_word' id='word_1_301' title='bbox 428 3449 483 3503; x_wconf 84' lang='grc' dir='ltr'><strong>τῶν</strong></span> <span class='ocrx_word' id='word_1_302' title='bbox 500 3453 606 3518; x_wconf 78' lang='grc' dir='ltr'><strong><em>γονέων</em></strong></span> <span class='ocrx_word' id='word_1_303' title='bbox 624 3445 692 3508; x_wconf 87' lang='grc' dir='ltr'><strong><em>Λιός</em></strong></span> <span class='ocrx_word' id='word_1_304' title='bbox 714 3468 743 3503; x_wconf 87' lang='grc' dir='ltr'><strong>τε</strong></span> <span class='ocrx_word' id='word_1_305' title='bbox 760 3454 806 3503; x_wconf 81' lang='grc' dir='ltr'><strong><em>καὶ</em></strong></span> <span class='ocrx_word' id='word_1_306' title='bbox 818 3447 904 3522; x_wconf 78' lang='grc' dir='ltr'><strong><em>Ἥρας</em></strong></span> <span class='ocrx_word' id='word_1_307' title='bbox 921 3447 1063 3522; x_wconf 80' lang='grc' dir='ltr'><strong><em>ἀξιόλογον</em></strong></span> <span class='ocrx_word' id='word_1_308' title='bbox 1080 3452 1117 3520; x_wconf 75' lang='lat' dir='ltr'><strong>uqi</strong></span> <span class='ocrx_word' id='word_1_309' title='bbox 1135 3469 1162 3505; x_wconf 86' lang='grc' dir='ltr'><strong>τε</strong></span> <span class='ocrx_word' id='word_1_310' title='bbox 1180 3455 1296 3523; x_wconf 72' lang='grc' dir='ltr'><strong><em>μεγέθει</em></strong></span> <span class='ocrx_word' id='word_1_311' title='bbox 1315 3456 1358 3505; x_wconf 79' lang='grc' dir='ltr'><strong><em>καὶ</em></strong></span> 
     </span>
     <span class='ocr_line' id='line_1_33' title="bbox 209 3535 1359 3609; baseline 0.003 -21"><span class='ocrx_word' id='word_1_312' title='bbox 209 3535 241 3609; x_wconf 76' lang='grc' dir='ltr'><strong>τῇ</strong></span> <span class='ocrx_word' id='word_1_313' title='bbox 263 3537 345 3609; x_wconf 77' lang='grc' dir='ltr'><strong><em>λοιπῇ</em></strong></span> <span class='ocrx_word' id='word_1_314' title='bbox 367 3540 524 3608; x_wconf 73' lang='grc' dir='ltr'><strong><em>πολυτελείᾳ</em></strong></span> <span class='ocrx_word' id='word_1_315' title='bbox 550 3543 595 3590; x_wconf 79' lang='grc' dir='ltr'><strong><em>καὶ</em></strong></span> <span class='ocrx_word' id='word_1_316' title='bbox 622 3535 704 3597; x_wconf 85' lang='grc' dir='ltr'><strong><em>ναοὺς</em></strong></span> <span class='ocrx_word' id='word_1_317' title='bbox 724 3540 844 3609; x_wconf 82' lang='grc' dir='ltr'><strong><em>χρυσοῦς</em></strong></span> <span class='ocrx_word' id='word_1_318' title='bbox 871 3535 920 3592; x_wconf 80' lang='grc' dir='ltr'><strong>δύο</strong></span> <span class='ocrx_word' id='word_1_319' title='bbox 942 3539 1009 3598; x_wconf 81' lang='grc' dir='ltr'><strong><em>Διὸς</em></strong></span> <span class='ocrx_word' id='word_1_320' title='bbox 1028 3577 1141 3593; x_wconf 86' lang='lat'><em>.....</em></span> <span class='ocrx_word' id='word_1_321' title='bbox 1161 3536 1359 3592; x_wconf 84' lang='grc' dir='ltr'><strong><em>4κατασκευτί-</em></strong></span> 
     </span>
     <span class='ocr_line' id='line_1_34' title="bbox 211 3613 1361 3698; baseline 0.005 -22"><span class='ocrx_word' id='word_1_322' title='bbox 211 3640 258 3677; x_wconf 89' lang='grc' dir='ltr'><strong>σαι</strong></span> <span class='ocrx_word' id='word_1_323' title='bbox 288 3625 320 3677; x_wconf 74' lang='grc' dir='ltr'><strong>δὲ</strong></span> <span class='ocrx_word' id='word_1_324' title='bbox 347 3630 393 3679; x_wconf 83' lang='grc' dir='ltr'><strong><em>καὶ</em></strong></span> <span class='ocrx_word' id='word_1_325' title='bbox 426 3627 481 3680; x_wconf 82' lang='grc' dir='ltr'><strong>τῶν</strong></span> <span class='ocrx_word' id='word_1_326' title='bbox 508 3620 597 3680; x_wconf 86' lang='grc' dir='ltr'><strong><em>ἀλλων</em></strong></span> <span class='ocrx_word' id='word_1_327' title='bbox 633 3628 708 3680; x_wconf 80' lang='grc' dir='ltr'><strong><em>θεῶν</em></strong></span> <span class='ocrx_word' id='word_1_328' title='bbox 736 3628 789 3681; x_wconf 80' lang='grc' dir='ltr'><strong>τῶν</strong></span> <span class='ocrx_word' id='word_1_329' title='bbox 819 3631 1027 3698; x_wconf 84' lang='grc' dir='ltr'><strong><em>προειρημένων</em></strong></span> <span class='ocrx_word' id='word_1_330' title='bbox 1065 3623 1147 3686; x_wconf 80' lang='grc' dir='ltr'><strong><em>ναοὺς</em></strong></span> <span class='ocrx_word' id='word_1_331' title='bbox 1173 3627 1292 3698; x_wconf 82' lang='grc' dir='ltr'><strong><em>χρυσοῦς</em></strong></span> <span class='ocrx_word' id='word_1_332' title='bbox 1322 3613 1361 3682; x_wconf 83' lang='grc' dir='ltr'><strong>ὧν</strong></span> 
     </span>
     <span class='ocr_line' id='line_1_35' title="bbox 214 3707 1359 3787; baseline 0.003 -22"><span class='ocrx_word' id='word_1_333' title='bbox 214 3707 320 3783; x_wconf 79' lang='grc' dir='ltr'><strong><em>ἑκάστῳ</em></strong></span> <span class='ocrx_word' id='word_1_334' title='bbox 331 3711 413 3786; x_wconf 83' lang='grc' dir='ltr'><strong><em>τιμάς</em></strong></span> <span class='ocrx_word' id='word_1_335' title='bbox 425 3711 573 3786; x_wconf 82' lang='grc' dir='ltr'><strong><em>ἀπονεῖμαι</em></strong></span> <span class='ocrx_word' id='word_1_336' title='bbox 588 3717 634 3768; x_wconf 84' lang='grc' dir='ltr'><strong><em>καὶ</em></strong></span> <span class='ocrx_word' id='word_1_337' title='bbox 646 3717 812 3782; x_wconf 83' lang='grc' dir='ltr'><strong><em>καταστῆσαι</em></strong></span> <span class='ocrx_word' id='word_1_338' title='bbox 825 3713 886 3774; x_wconf 87' lang='grc' dir='ltr'><strong><em>τοὺς</em></strong></span> <span class='ocrx_word' id='word_1_339' title='bbox 898 3717 1114 3787; x_wconf 71' lang='grc' dir='ltr'><strong><em>ἐπιμελομένους</em></strong></span> <span class='ocrx_word' id='word_1_340' title='bbox 1126 3719 1223 3786; x_wconf 78' lang='grc' dir='ltr'><strong><em>ίερεῖς.</em></strong></span> <span class='ocrx_word' id='word_1_341' title='bbox 1236 3758 1241 3771; x_wconf 93' lang='grc'><strong><em>.</em></strong></span> <span class='ocrx_word' id='word_1_342' title='bbox 1254 3757 1260 3771; x_wconf 92' lang='grc'><strong>.</strong></span> <span class='ocrx_word' id='word_1_343' title='bbox 1272 3759 1278 3772; x_wconf 95' lang='grc'><strong><em>.</em></strong></span> <span class='ocrx_word' id='word_1_344' title='bbox 1291 3718 1332 3785; x_wconf 83' lang='grc'><strong>18,</strong></span> <span class='ocrx_word' id='word_1_345' title='bbox 1343 3720 1359 3769; x_wconf 85' lang='grc'>4</span> 
     </span>
     <span class='ocr_line' id='line_1_36' title="bbox 213 3797 1359 3876; baseline 0.002 -21"><span class='ocrx_word' id='word_1_346' title='bbox 213 3802 282 3856; x_wconf 78' lang='grc' dir='ltr'><strong><em>εἶναι</em></strong></span> <span class='ocrx_word' id='word_1_347' title='bbox 300 3799 353 3872; x_wconf 86' lang='grc' dir='ltr'><strong>γάρ</strong></span> <span class='ocrx_word' id='word_1_348' title='bbox 372 3801 420 3857; x_wconf 86' lang='grc' dir='ltr'><strong>τὸν</strong></span> <span class='ocrx_word' id='word_1_349' title='bbox 432 3797 538 3872; x_wconf 82' lang='grc' dir='ltr'><strong><em>’Όσιριν</em></strong></span> <span class='ocrx_word' id='word_1_350' title='bbox 556 3798 727 3875; x_wconf 85' lang='grc' dir='ltr'><strong><em>φιλογέλωτά</em></strong></span> <span class='ocrx_word' id='word_1_351' title='bbox 740 3822 768 3857; x_wconf 88' lang='grc' dir='ltr'><strong>τε</strong></span> <span class='ocrx_word' id='word_1_352' title='bbox 787 3808 832 3856; x_wconf 80' lang='grc' dir='ltr'><strong>καί</strong></span> <span class='ocrx_word' id='word_1_353' title='bbox 843 3808 975 3874; x_wconf 87' lang='grc' dir='ltr'><strong><em>χαίροντα</em></strong></span> <span class='ocrx_word' id='word_1_354' title='bbox 986 3805 1106 3876; x_wconf 78' lang='grc' dir='ltr'><strong><em>μουσικῇ</em></strong></span> <span class='ocrx_word' id='word_1_355' title='bbox 1121 3809 1166 3858; x_wconf 83' lang='grc' dir='ltr'><strong><em>καὶ</em></strong></span> <span class='ocrx_word' id='word_1_356' title='bbox 1182 3811 1329 3876; x_wconf 81' lang='grc' dir='ltr'><strong><em>χοροῖς...</em></strong></span> <span class='ocrx_word' id='word_1_357' title='bbox 1344 3809 1359 3857; x_wconf 80' lang='lat'>5</span> 
     </span>
     <span class='ocr_line' id='line_1_37' title="bbox 211 3885 1359 3964; baseline 0.004 -22"><span class='ocrx_word' id='word_1_358' title='bbox 211 3887 243 3943; x_wconf 82' lang='grc' dir='ltr'><strong>οδ</strong></span> <span class='ocrx_word' id='word_1_359' title='bbox 260 3888 314 3959; x_wconf 87' lang='grc' dir='ltr'><strong>γάρ</strong></span> <span class='ocrx_word' id='word_1_360' title='bbox 335 3890 487 3962; x_wconf 87' lang='grc' dir='ltr'><strong><em>πολεμικὸν</em></strong></span> <span class='ocrx_word' id='word_1_361' title='bbox 504 3891 573 3946; x_wconf 76' lang='grc' dir='ltr'><strong><em>εἶναι</em></strong></span> <span class='ocrx_word' id='word_1_362' title='bbox 592 3888 641 3945; x_wconf 91' lang='grc' dir='ltr'><strong>τὸν</strong></span> <span class='ocrx_word' id='word_1_363' title='bbox 652 3885 758 3962; x_wconf 78' lang='grc' dir='ltr'><strong><em>Ὄσιριν</em></strong></span> <span class='ocrx_word' id='word_1_364' title='bbox 776 3888 840 3946; x_wconf 68' lang='lat' dir='ltr'><strong>cidi</strong></span> <span class='ocrx_word' id='word_1_365' title='bbox 860 3887 1020 3964; x_wconf 80' lang='grc' dir='ltr'><strong><em>παρατάξεις</em></strong></span> <span class='ocrx_word' id='word_1_366' title='bbox 1039 3899 1221 3947; x_wconf 76' lang='grc' dir='ltr'><strong><em>συνίστασθαι</em></strong></span> <span class='ocrx_word' id='word_1_367' title='bbox 1240 3897 1287 3946; x_wconf 82' lang='grc' dir='ltr'><strong><em>καὶ</em></strong></span> <span class='ocrx_word' id='word_1_368' title='bbox 1303 3911 1359 3947; x_wconf 85' lang='grc' dir='ltr'><strong><em>κιν-</em></strong></span> 
     </span>
     <span class='ocr_line' id='line_1_38' title="bbox 212 3972 1396 4054; baseline 0.004 -24"><span class='ocrx_word' id='word_1_369' title='bbox 212 3972 309 4037; x_wconf 81' lang='grc' dir='ltr'><strong><em>δάνοιις</em></strong></span> <span class='ocrx_word' id='word_1_370' title='bbox 328 3973 375 4031; x_wconf 87' lang='grc' dir='ltr'><strong>άτε</strong></span> <span class='ocrx_word' id='word_1_371' title='bbox 393 3976 611 4039; x_wconf 73' lang='grc' dir='ltr'><strong><em>παντὸςέδνους</em></strong></span> <span class='ocrx_word' id='word_1_372' title='bbox 635 3978 671 4038; x_wconf 82' lang='grc' dir='ltr'><strong>ως</strong></span> <span class='ocrx_word' id='word_1_373' title='bbox 698 3978 766 4035; x_wconf 75' lang='grc' dir='ltr'><strong><em>θεὸν</em></strong></span> <span class='ocrx_word' id='word_1_374' title='bbox 791 3977 1003 4052; x_wconf 85' lang='grc' dir='ltr'><strong><em>ἀποδεχομένου</em></strong></span> <span class='ocrx_word' id='word_1_375' title='bbox 1022 3981 1067 4035; x_wconf 85' lang='grc' dir='ltr'><strong><em>διὰ</em></strong></span> <span class='ocrx_word' id='word_1_376' title='bbox 1086 3980 1133 4040; x_wconf 85' lang='grc' dir='ltr'><strong>τάς</strong></span> <span class='ocrx_word' id='word_1_377' title='bbox 1151 3979 1306 4054; x_wconf 82' lang='grc' dir='ltr'><strong><em>εὐεργεσίας</em></strong></span> <span class='ocrx_word' id='word_1_378' title='bbox 1324 4013 1357 4021; x_wconf 93' lang='grc'><strong>-</strong></span> <span class='ocrx_word' id='word_1_379' title='bbox 1395 3999 1396 4006; x_wconf 70' lang='grc'>’</span> 
     </span>
     <span class='ocr_line' id='line_1_39' title="bbox 214 4066 1361 4127; baseline 0.006 -8"><span class='ocrx_word' id='word_1_380' title='bbox 214 4070 247 4120; x_wconf 88' lang='lat' dir='ltr'><strong>ut</strong></span> <span class='ocrx_word' id='word_1_381' title='bbox 265 4067 301 4120; x_wconf 84' lang='lat' dir='ltr'><strong>ad</strong></span> <span class='ocrx_word' id='word_1_382' title='bbox 321 4066 438 4121; x_wconf 84' lang='lat' dir='ltr'><strong>eundem</strong></span> <span class='ocrx_word' id='word_1_383' title='bbox 457 4072 599 4122; x_wconf 82' lang='lat' dir='ltr'><strong>auctorem</strong></span> <span class='ocrx_word' id='word_1_384' title='bbox 618 4069 765 4123; x_wconf 81' lang='lat' dir='ltr'><strong>referenda</strong></span> <span class='ocrx_word' id='word_1_385' title='bbox 782 4087 843 4125; x_wconf 87' lang='lat' dir='ltr'><strong>csse</strong></span> <span class='ocrx_word' id='word_1_386' title='bbox 861 4070 1017 4125; x_wconf 84' lang='lat' dir='ltr'><strong>videantur.</strong></span> <span class='ocrx_word' id='word_1_387' title='bbox 1046 4069 1126 4126; x_wconf 84' lang='lat' dir='ltr'><strong>Vnde</strong></span> <span class='ocrx_word' id='word_1_388' title='bbox 1138 4076 1231 4127; x_wconf 88' lang='lat' dir='ltr'><strong>tamen</strong></span> <span class='ocrx_word' id='word_1_389' title='bbox 1249 4072 1361 4126; x_wconf 87' lang='lat' dir='ltr'><strong>Plutar-</strong></span> 
     </span>
     <span class='ocr_line' id='line_1_40' title="bbox 214 4154 1359 4226; baseline 0.003 -17"><span class='ocrx_word' id='word_1_390' title='bbox 214 4154 282 4209; x_wconf 87' lang='lat' dir='ltr'><strong>chus</strong></span> <span class='ocrx_word' id='word_1_391' title='bbox 302 4154 371 4208; x_wconf 84' lang='lat' dir='ltr'><strong>haec</strong></span> <span class='ocrx_word' id='word_1_392' title='bbox 390 4156 539 4225; x_wconf 87' lang='lat' dir='ltr'><strong>sumpserit</strong></span> <span class='ocrx_word' id='word_1_393' title='bbox 563 4173 661 4211; x_wconf 86' lang='lat' dir='ltr'><strong>vereor</strong></span> <span class='ocrx_word' id='word_1_394' title='bbox 686 4161 718 4214; x_wconf 90' lang='lat' dir='ltr'><strong>ut</strong></span> <span class='ocrx_word' id='word_1_395' title='bbox 735 4163 857 4226; x_wconf 87' lang='lat' dir='ltr'><strong>eruatur,</strong></span> <span class='ocrx_word' id='word_1_396' title='bbox 883 4160 935 4213; x_wconf 87' lang='lat' dir='ltr'><strong>etsi</strong></span> <span class='ocrx_word' id='word_1_397' title='bbox 962 4161 991 4213; x_wconf 92' lang='lat' dir='ltr'><strong>in</strong></span> <span class='ocrx_word' id='word_1_398' title='bbox 1018 4158 1066 4213; x_wconf 94' lang='lat' dir='ltr'><strong>illo</strong></span> <span class='ocrx_word' id='word_1_399' title='bbox 1085 4159 1181 4215; x_wconf 86' lang='lat' dir='ltr'><strong>libello</strong></span> <span class='ocrx_word' id='word_1_400' title='bbox 1201 4165 1244 4216; x_wconf 85' lang='lat' dir='ltr'><strong>sat</strong></span> <span class='ocrx_word' id='word_1_401' title='bbox 1262 4160 1359 4214; x_wconf 85' lang='lat' dir='ltr'><strong>multis</strong></span> 
     </span>
     <span class='ocr_line' id='line_1_41' title="bbox 213 4242 1360 4319; baseline 0.008 -25"><span class='ocrx_word' id='word_1_402' title='bbox 213 4242 283 4296; x_wconf 88' lang='lat' dir='ltr'><strong>loeis</strong></span> <span class='ocrx_word' id='word_1_403' title='bbox 312 4260 374 4296; x_wconf 87' lang='lat' dir='ltr'><strong>cum</strong></span> <span class='ocrx_word' id='word_1_404' title='bbox 399 4243 523 4298; x_wconf 81' lang='lat' dir='ltr'><strong>Diodoro</strong></span> <span class='ocrx_word' id='word_1_405' title='bbox 550 4247 702 4300; x_wconf 84' lang='lat' dir='ltr'><strong>consentit:</strong></span> <span class='ocrx_word' id='word_1_406' title='bbox 737 4264 791 4300; x_wconf 94' lang='lat' dir='ltr'><strong>non</strong></span> <span class='ocrx_word' id='word_1_407' title='bbox 815 4248 888 4301; x_wconf 89' lang='lat' dir='ltr'><strong>enim</strong></span> <span class='ocrx_word' id='word_1_408' title='bbox 917 4249 940 4301; x_wconf 87' lang='lat' dir='ltr'><strong>is</strong></span> <span class='ocrx_word' id='word_1_409' title='bbox 966 4252 1008 4301; x_wconf 87' lang='lat' dir='ltr'><strong>est</strong></span> <span class='ocrx_word' id='word_1_410' title='bbox 1034 4249 1156 4318; x_wconf 87' lang='lat' dir='ltr'><strong>scriptor</strong></span> <span class='ocrx_word' id='word_1_411' title='bbox 1184 4250 1258 4319; x_wconf 87' lang='lat' dir='ltr'><strong>apud</strong></span> <span class='ocrx_word' id='word_1_412' title='bbox 1279 4267 1360 4318; x_wconf 88' lang='lat' dir='ltr'><strong>quem</strong></span> 
     </span>
     <span class='ocr_line' id='line_1_42' title="bbox 213 4330 1361 4407; baseline 0.009 -25"><span class='ocrx_word' id='word_1_413' title='bbox 213 4330 280 4384; x_wconf 85' lang='lat' dir='ltr'><strong>tolia</strong></span> <span class='ocrx_word' id='word_1_414' title='bbox 297 4331 333 4384; x_wconf 83' lang='lat' dir='ltr'><strong>ad</strong></span> <span class='ocrx_word' id='word_1_415' title='bbox 352 4349 436 4386; x_wconf 88' lang='lat' dir='ltr'><strong>unum</strong></span> <span class='ocrx_word' id='word_1_416' title='bbox 460 4333 552 4386; x_wconf 87' lang='lat' dir='ltr'><strong>omnia</strong></span> <span class='ocrx_word' id='word_1_417' title='bbox 570 4349 605 4387; x_wconf 86' lang='lat' dir='ltr'><strong>ex</strong></span> <span class='ocrx_word' id='word_1_418' title='bbox 624 4352 678 4388; x_wconf 85' lang='lat' dir='ltr'><strong>una</strong></span> <span class='ocrx_word' id='word_1_419' title='bbox 698 4338 727 4388; x_wconf 88' lang='lat' dir='ltr'><strong>et</strong></span> <span class='ocrx_word' id='word_1_420' title='bbox 743 4338 821 4389; x_wconf 85' lang='lat' dir='ltr'><strong>certa</strong></span> <span class='ocrx_word' id='word_1_421' title='bbox 838 4352 921 4390; x_wconf 84' lang='lat' dir='ltr'><strong>causa</strong></span> <span class='ocrx_word' id='word_1_422' title='bbox 942 4341 1114 4407; x_wconf 84' lang='lat' dir='ltr'><strong>repetuntur,</strong></span> <span class='ocrx_word' id='word_1_423' title='bbox 1133 4337 1183 4392; x_wconf 86' lang='lat' dir='ltr'><strong>sed</strong></span> <span class='ocrx_word' id='word_1_424' title='bbox 1202 4355 1251 4391; x_wconf 86' lang='lat' dir='ltr'><strong>sua</strong></span> <span class='ocrx_word' id='word_1_425' title='bbox 1271 4339 1361 4392; x_wconf 88' lang='lat' dir='ltr'><strong>cuius-</strong></span> 
     </span>
    </p>
   </div>
   <div class='ocr_carea' id='block_1_11' title="bbox 214 4417 1362 4582">
    <p class='ocr_par' dir='ltr' id='par_1_11' title="bbox 214 4417 1362 4582">
     <span class='ocr_line' id='line_1_43' title="bbox 214 4417 1362 4492; baseline 0.01 -24"><span class='ocrx_word' id='word_1_426' title='bbox 214 4432 268 4482; x_wconf 86' lang='lat' dir='ltr'><strong>que</strong></span> <span class='ocrx_word' id='word_1_427' title='bbox 296 4417 350 4473; x_wconf 93' lang='lat' dir='ltr'><strong>loci</strong></span> <span class='ocrx_word' id='word_1_428' title='bbox 380 4422 453 4473; x_wconf 87' lang='lat' dir='ltr'><strong>ratio</strong></span> <span class='ocrx_word' id='word_1_429' title='bbox 479 4420 692 4490; x_wconf 85' lang='lat' dir='ltr'><strong>diligentissime</strong></span> <span class='ocrx_word' id='word_1_430' title='bbox 711 4424 882 4492; x_wconf 83' lang='lat' dir='ltr'><strong>exquirenda</strong></span> <span class='ocrx_word' id='word_1_431' title='bbox 912 4428 962 4478; x_wconf 76' lang='lat' dir='ltr'><strong>est,</strong></span> <span class='ocrx_word' id='word_1_432' title='bbox 1000 4423 1130 4478; x_wconf 87' lang='lat' dir='ltr'><strong>Ceterum</strong></span> <span class='ocrx_word' id='word_1_433' title='bbox 1154 4424 1243 4482; x_wconf 87' lang='lat' dir='ltr'><strong>Osiris</strong></span> <span class='ocrx_word' id='word_1_434' title='bbox 1261 4427 1362 4481; x_wconf 81' lang='lat' dir='ltr'><strong>merita</strong></span> 
     </span>
     <span class='ocr_line' id='line_1_44' title="bbox 214 4503 795 4582; baseline 0.024 -29"><span class='ocrx_word' id='word_1_435' title='bbox 214 4503 297 4556; x_wconf 87' lang='lat' dir='ltr'><strong>etiem</strong></span> <span class='ocrx_word' id='word_1_436' title='bbox 318 4505 447 4561; x_wconf 87' lang='lat' dir='ltr'><strong>Tibullus</strong></span> <span class='ocrx_word' id='word_1_437' title='bbox 466 4515 592 4564; x_wconf 84' lang='lat' dir='ltr'><strong>recenset</strong></span> <span class='ocrx_word' id='word_1_438' title='bbox 610 4512 632 4579; x_wconf 89' lang='lat' dir='ltr'><strong>[I</strong></span> <span class='ocrx_word' id='word_1_439' title='bbox 650 4513 675 4580; x_wconf 84' lang='lat'><strong>7,</strong></span> <span class='ocrx_word' id='word_1_440' title='bbox 689 4513 723 4566; x_wconf 82' lang='lat'><strong>27</strong></span> <span class='ocrx_word' id='word_1_441' title='bbox 735 4512 795 4582; x_wconf 87' lang='lat' dir='ltr'><strong>sq.].</strong></span> 
     </span>
    </p>
   </div>
   <div class='ocr_carea' id='block_1_12' title="bbox 0 0 1493 4786">
    <p class='ocr_par' dir='ltr' id='par_1_12' title="bbox 0 0 1493 4786">
     <span class='ocr_line' id='line_1_45' title="bbox 0 0 1493 4786; baseline 0 0"><span class='ocrx_word' id='word_1_442' title='bbox 0 0 1493 4786; x_wconf 95' lang='lat' dir='ltr'><strong> </strong></span> 
     </span>
    </p>
   </div>
  </div>
 </body>
</html>
