2958 4786
784 253 819 306 34

229 430 285 492 hoc
308 431 459 504 adcideril‚
482 431 602 492 difficile
624 437 669 491 est
689 429 830 490 iudicatu.
874 425 1021 490 Valerium
1041 430 1179 492 Flaccum
1208 438 1239 493 et
1261 432 1379 492 fabulae

230 537 436 612 argumentum
461 554 496 592 ex
519 532 675 610 Apollonio
697 521 856 608 sumpsisse
880 535 910 589 et
933 531 961 588 in
984 531 1049 608 ipse
1071 535 1203 592 oratione
1224 539 1378 611 poetarum

231 635 426 694 Romanorum
459 652 539 693 more
569 630 719 692 eGraeco
750 632 907 710 exemplari
941 632 1034 692 multa
1059 633 1104 692 vel
1132 635 1250 711 integra
1271 635 1378 694 Latino

160 742 165 813 j
233 755 366 797 sermone
396 736 573 814 expressisse
595 733 641 794 rel
667 733 816 808 eleganter
837 737 927 810 atque
949 732 1034 792 docte
1066 733 1212 794 inflexisse
1234 737 1308 796 satis
1329 755 1377 794 su·

230 858 341 917 perque
374 837 606 896 demonstratum
635 840 681 894 est
695 829 736 910 ¹);
771 833 826 893 hoo
857 835 921 892 loco
952 835 1108 894 tractanda
1135 842 1205 896 sunt
1235 858 1311 915 quae
1341 837 1376 896 ab

229 939 385 1018 Apollonio
407 937 585 1020 discrepant.
630 934 702 995 Cum
723 934 853 993 Diodoro
882 955 946 994 eum
975 935 1054 994 haud
1074 937 1116 994 ita
1137 957 1207 997 raro
1229 939 1376 998 concinere

230 1039 298 1100 olim
321 1039 372 1116 qui
393 1058 459 1098 eum
476 1037 568 1097 edidit
578 1035 663 1096 Thilo
685 1036 894 1095 animadvertit
909 1032 944 1114 ²).
971 1035 1106 1114 Inprimis
1129 1039 1274 1099 Hesionae
1293 1039 1375 1096 fabu-

229 1143 288 1202 lam
311 1139 390 1217 apud
407 1143 564 1217 utrumque
575 1140 813 1214 Argonautarum
835 1130 1015 1215 expeditioni
1035 1139 1126 1198 inseri
1142 1143 1276 1217 notatur,
1294 1159 1373 1217 prae-

230 1243 332 1302 sertim
364 1262 430 1300 oum
461 1241 509 1300 hic
537 1259 692 1300 cousensus
713 1240 791 1298 iuter
810 1239 890 1317 ipsas
912 1258 1028 1316 quoque
1049 1241 1235 1300 narrationes
1257 1242 1374 1301 interce·

229 1341 328 1419 dati).
373 1343 484 1403 Deinde
514 1342 601 1420 Iphin
633 1361 718 1419 quem
743 1341 885 1417 Dionysio
918 1346 1039 1401 auctore
1070 1335 1121 1419 [ci.
1150 1342 1251 1402 scholl.
1282 1343 1372 1420 Apoll.

232 1445 287 1504 llll
309 1445 380 1505 223.
405 1445 474 1502 228.
497 1441 576 1502 FHG
595 1442 623 1500 Il
643 1443 705 1520 ps
720 1443 756 1504 fr.
772 1436 805 1518 6]
829 1440 975 1502 Diodorus
988 1462 1012 1501 a.
1026 1442 1103 1513 tue
1115 1438 1141 1519 4)
1164 1447 1371 1512 commemorat,

231 1547 260 1606 in
284 1545 464 1620 Argonautis
478 1543 612 1603 Valerius
636 1533 683 1624 [ci.
706 1532 802 1623 1441]
825 1547 967 1614 recenset,
992 1563 1044 1601 nec
1069 1563 1164 1621 pauca
1185 1545 1216 1601 in
1243 1543 1370 1602 carminis

229 1647 313 1706 initio
342 1650 412 1706 sunt
439 1663 514 1722 quae
545 1663 611 1702 cum
638 1643 744 1721 legeris
764 1643 838 1724 'fieri
864 1664 923 1704 non
951 1649 1051 1722 potest
1079 1647 1150 1721 quin
1173 1645 1316 1705 Diodorea
1343 1645 1369 1702 in

230 1747 399 1806 memoriam
442 1749 626 1806 revocentur.
684 1742 774 1804 Cuius
810 1748 852 1804 rei
890 1746 1095 1806 documentum
1128 1747 1183 1808 hoc
1212 1748 1276 1806 loco
1305 1746 1369 1806 setis

229 1845 325 1905 habeo
346 1846 556 1924 descriptiones
590 1846 706 1905 adferre
736 1846 848 1906 Iasonis
880 1865 948 1906 num
977 1848 1190 1925 expeditionem
1223 1869 1241 1908 a
1271 1853 1367 1925 patruo

229 1946 397 2006 mandatam
435 1947 577 2024 suscipiat
614 1945 782 2006 meditantis
794 1943 829 2022 ⁶).
882 1947 1015 2026 Denique
1053 1950 1170 2010 fabulas
1201 1971 1218 2009 a
1249 1948 1367 2010 Diodoro

333 2127 360 2196 l)
381 2124 422 2179 Ci.
441 2125 592 2192 Weichert‚
610 2125 705 2179 Leben
729 2126 786 2180 und
811 2126 950 2182 Schriften
969 2127 1017 2182 des
1037 2128 1200 2198 Apollonius
1218 2148 1246 2199 p.
1265 2133 1314 2186 270
1331 2147 1365 2198 sq.
1447 2189 1448 2202 η

231 2215 261 2270 C.
282 2214 378 2272 Valeri
395 2214 488 2269 Flacci
506 2214 718 2285 Argonauticon
737 2213 802 2268 libri
823 2215 887 2270 Vlll
906 2234 961 2271 rec.
979 2216 1060 2271 Thilo
1078 2235 1104 2288 p.
1115 2218 1190 2272 VllI.
1209 2219 1261 2273 Xll
1273 2237 1311 2290 sq.
1447 2213 1448 2238 ¹

225 2367 227 2372 Ι
330 2302 723 2372 2)0f.1.c.p.v111n.**.

329 2390 357 2460 3)
376 2390 416 2445 cf.
427 2391 547 2460 ‚Diodon
566 2391 621 2444 1111
639 2391 674 2473 A?
688 2431 693 2443 .
709 2431 714 2444 .
731 2431 756 2446 ..
778 2395 824 2444 καὶ
852 2394 1066 2463 προςενεχθῆναι
1095 2395 1141 2461 τῆς
1161 2390 1289 2465 Τρῳάδος
1306 2392 1365 2463 πρὸς

229 2483 349 2548 Σίγειον.
376 2480 496 2533 ἐνταῦθα
516 2480 541 2532 δ’
560 2475 649 2534 αὐτῶν
675 2477 724 2547 τὴν
751 2478 892 2550 ἀπόβασιν
911 2488 1109 2555 ποιησαμένων
1136 2483 1282 2556 εὑρεθῆναί
1304 2501 1363 2557 φασι

228 2572 372 2638 παρθένον
387 2569 540 2640 δεδεμένην
558 2567 632 2639 παρὰ
650 2567 700 2624 τὸν
716 2565 861 2640 αἰγιαλόν.
874 2609 899 2624 ..
918 2577 945 2627 et
958 2574 974 2626 5
988 2573 1106 2625 ἐνταῦθα
1124 2574 1156 2626 δὲ
1169 2572 1218 2627 τόν
1229 2575 1283 2645 μὲν
1292 2573 1364 2644 Ἡρα-

228 2657 293 2708 κλέα
323 2653 394 2726 μετά
423 2658 477 2710 τῶν
497 2655 695 2728 Ἀργοναυτῶν
722 2655 770 2725 τὴν
794 2655 935 2727 ἀπόβασιν
959 2656 1151 2733 ποιησάμενον
1178 2666 1223 2715 καὶ
1248 2657 1364 2734 μαθόντα

229 2740 304 2813 παρὰ
328 2745 372 2811 τῆς
400 2740 481 2814 κόρης
509 2743 558 2814 τὴν
585 2750 763 2815 περιπέτειαν
776 2786 859 2801 .....
873 2765 934 2802 cum
956 2749 1048 2802 Valer.
1067 2750 1210 2820 llttasq.
1236 2751 1365 2805 eol-470

228 2832 271 2885 vel
292 2849 362 2900 quae
381 2833 416 2885 de
435 2833 594 2900 pestilentia
604 2839 633 2888 et
646 2834 755 2888 lunesto
774 2835 822 2888 illo
842 2836 954 2889 oraculo
975 2842 1124 2891 narrantur
1143 2839 1174 2908 [c.
1191 2841 1235 2909 42,
1248 2841 1290 2909 Al:
1307 2836 1365 2910 πρὸς
1448 2835 1449 2850 ³

230 2919 262 2972 δὲ
289 2916 393 2978 τούτοις
413 2919 513 2991 λοιμὸν
537 2922 672 2994 ἐμπεσεῖν
696 2926 734 2982 εἰς
751 2922 783 2974 τά
807 2917 899 2989 πλήθη
925 2928 970 2976 καὶ
993 2927 1107 2994 καρπῶν
1129 2929 1247 2994 παντελῆ
1264 2923 1364 3000 φθοράν

230 3004 293 3068 ῶςτε
312 3003 417 3067 πάντας
439 3004 640 3076 έκπληττεσθαι
658 3006 688 3062 τό
709 3014 833 3080 μέγεθος
851 3011 897 3077 τῆς
916 3007 1144 3082 περιστάσεως..
1165 3054 1192 3069 .,
1213 3010 1364 3070 ἐκπεσόντος

229 3088 278 3150 οὖν
294 3098 423 3166 χρησμοῦ
441 3098 526 3167 μῆνιν
542 3093 678 3170 ὑπάρχειν
694 3099 874 3158 Ποσειδῶνος
898 3103 943 3152 καὶ
969 3095 1028 3153 τότε
1047 3096 1145 3168 ταύτην
1164 3098 1250 3169 λήξειν
1268 3099 1328 3157 όταν
1343 3102 1364 3152 al

230 3188 321 3256 Τρῶες
338 3184 368 3239 τό
389 3186 476 3258 λαχὸν
494 3187 549 3240 τῶν
567 3191 671 3240 τέιινων
697 3186 828 3245 ἑκουσίως
846 3188 990 3257 παραδῶσι
1011 3187 1098 3260 βορὰν
1116 3192 1154 3260 τῷ
1180 3185 1262 3260 κήτει,
1287 3195 1364 3263 φασὶν

227 3269 358 3328 ἁπάντων
386 3279 423 3334 εἰς
450 3273 499 3329 τόν
526 3277 625 3346 κλῆρον
651 3271 841 3344 ἐμβαινόντων
864 3277 1028 3330 ἐπανελθεῖν
1051 3281 1088 3337 εἰς
1106 3274 1236 3346 Ἡσιόνην
1263 3278 1310 3348 τὴν
1325 3278 1363 3332 τοῦ

228 3366 362 3430 βασιλέως
379 3368 518 3435 θυγατέρα
537 3380 599 3417 oum
620 3380 659 3416 vs.
680 3364 746 3416 475:

370 3498 373 3504 .
427 3452 566 3523 principio
586 3451 677 3504 morbi
695 3451 826 3520 caeloque
844 3457 939 3507 exacta
958 3470 1058 3508 sarano

426 3540 575 3611 temperies

227 3633 255 3682 et
274 3645 314 3682 vs.
334 3629 483 3682 480-484.

327 3716 356 3786 4)
380 3715 452 3770 Olim
470 3715 669 3785 Wesselingius
692 3734 726 3771 ex
759 3717 884 3770 codicum
907 3716 1039 3773 lectione:
1066 3713 1192 3792 Ἴφιτον
1210 3719 1270 3776 τὸν
1289 3716 1362 3790 Elpc-

229 3811 320 3865 σθέως
338 3801 464 3878 ἀδελφόν
482 3806 608 3860 restituit
625 3797 698 3878 Ἰφιν
714 3804 764 3884 τὸν
778 3801 819 3860 Ἐ.
839 3804 864 3862 ά.

329 3895 414 3964 mcc.
434 3913 497 3950 cum
516 3894 633 3948 Diodori
652 3895 746 3949 verbis
764 3899 889 3965 c.40‚5:
915 3891 1023 3952 Ἰάσονα
1047 3898 1078 3951 δὲ
1104 3893 1184 3964 δόξης
1206 3894 1363 3970 ὀρεγόμενον

226 3987 272 4036 καὶ
289 3980 338 4035 τὸν
356 3974 444 4036 άθλον
463 3983 626 4054 δυςέφιιιτον
652 3986 715 4053 μέν,
742 3979 773 4036 οό
799 3986 866 4036 κατὰ
893 3985 950 4039 πᾶν
973 3986 998 4038 δ’
1018 3981 1154 4040 άδόνατον
1178 3991 1304 4056 κρίνοντα
1324 3989 1361 4038 καὶ

228 4068 273 4124 διά
300 4072 377 4124 τοῦτο
396 4072 503 4140 μᾶλλον
530 4067 619 4125 αὑτὸν
641 4072 860 4142 ἐπιφανέστερον
888 4075 1002 4126 ἔσεσθαι
1032 4068 1255 4146 διαλαμβάνοντα
1281 4092 1363 4129 versus

226 4159 387 4213 Valerianos
407 4158 431 4228 [1
444 4159 570 4228 resep·
685 4216 686 4219 ,
981 4208 986 4216 .

526 4264 582 4300 an.
602 4287 608 4299 .
631 4287 637 4300 .
658 4287 663 4300 .
683 4247 757 4301 freta
775 4249 849 4302 iussa
867 4253 993 4318 capessat

378 4337 401 4389 si
421 4352 475 4404 qua
496 4336 587 4403 operis
606 4335 679 4388 tanti
698 4336 804 4390 domito
823 4354 993 4406 consurgere
1012 4343 1099 4407 ponto

375 4423 449 4476 fama
467 4422 571 4490 quent?
592 4426 622 4476 tu
643 4423 701 4476 sola
720 4425 825 4478 animos
844 4429 1004 4492 mentesque
1023 4427 1132 4494 peruris

374 4510 478 4578 gloria!
