2958 4786
726 272 760 324 38

171 453 234 528 ipse
251 453 455 529 perscrutatus
477 469 539 509 esse
560 449 695 509 videatur
716 449 837 508 obstant
858 469 933 526 quae
955 449 991 507 de
1013 448 1111 508 Peliae
1132 449 1163 508 in
1184 449 1329 509 Iasonem

173 552 241 612 odio
262 557 365 612 narrat
387 543 412 633 [1
435 542 558 632 26sq.]:
1208 553 1210 558 '

323 652 453 712 sednon
474 653 535 711 ulla
557 653 640 728 quies
662 652 759 710 animo
781 651 941 728 fratrisque
963 653 1085 728 paventi

322 753 491 830 progeniem
513 752 670 830 divumque
692 754 799 821 minas;
822 751 900 811 bunc
922 772 988 811 nam
1010 753 1074 810 fore
1094 753 1156 827 regi
1217 779 1220 790 =

323 855 412 913 exitio
435 859 577 931 vatesque
598 859 707 914 canunt
728 853 931 932 pecudumque
951 873 1007 932 per
1027 873 1094 913 aras

323 955 444 1014 terrifici
467 957 595 1016 monitus
615 957 736 1028 iterant,
760 975 848 1034 super
869 957 962 1033 ipsius
983 958 1086 1033 ingens

163 1059 168 1067 '
218 1064 221 1070 '
322 1057 417 1115 instat
438 1057 515 1115 fama
539 1058 594 1117 viri
617 1059 770 1135 virtusque
788 1056 869 1116 haud
890 1059 970 1116 laeta
991 1063 1129 1134 tyranno.

174 1159 301 1217 Oraculo
323 1159 398 1216 enim
420 1159 463 1217 illi
485 1165 710 1218 commemorato
732 1159 851 1235 quidem
870 1180 887 1218 a
909 1159 1035 1218 Pindaro
1048 1156 1072 1233 ¹)
1096 1153 1175 1236 quod
1198 1159 1326 1217 additur

174 1260 271 1318 Peliae
290 1265 457 1338 suspectum
480 1262 619 1320 virtutem
649 1282 682 1321 ac
706 1263 812 1321 lamam
834 1265 936 1323 fratris
959 1261 1012 1320 filii
1034 1261 1131 1338 fuisse,
1154 1261 1184 1319 id
1208 1261 1325 1337 Diony·

96 1374 99 1431 s
175 1364 254 1419 simn-
279 1362 421 1421 adtulisse
448 1364 534 1423 testis
561 1370 606 1423 est
629 1363 774 1424 Diodorus
798 1355 832 1445 [c.
857 1355 1010 1444 40,1.3]:
1033 1358 1117 1445 ῥώμῃ
1139 1358 1171 1421 δὲ
1191 1357 1329 1437 σώματος

174 1459 224 1518 καὶ
244 1465 345 1539 ψυχῆς
364 1458 540 1541 λαμπρότητι
572 1458 752 1542 διενέγκαντα
769 1511 836 1524 ....
861 1460 909 1523 τὸν
932 1460 958 1521 δ’
982 1459 1109 1542 ἀδελφὸν
1129 1459 1328 1538 εὐλαβεῖσθαι

173 1557 289 1640 μήποτε
308 1561 445 1642 συνεργὸν
464 1557 538 1642 ἔχων
558 1559 608 1622 τὸν
629 1558 694 1622 υἱὸν
708 1561 845 1643 ἐπίθηται
865 1569 897 1648 τῇ
917 1559 1050 1646 βασιλείᾳ
1073 1584 1166 1641 neque
1182 1583 1247 1622 eum
1267 1561 1330 1623 boc

176 1657 235 1722 uno
257 1664 319 1724 loco
341 1664 462 1724 Pindari
483 1686 598 1724 carmen
621 1667 788 1726 adhibuisse
809 1689 845 1725 ex
867 1670 908 1725 eis
931 1687 1007 1743 quae
1029 1672 1169 1726 secuntur
1199 1665 1331 1742 adparet

176 1758 214 1840 [c.
229 1760 338 1843 41,2]:
358 1749 470 1823 Ἰάσονα
493 1762 525 1824 δὲ
546 1813 552 1825 .
570 1813 577 1826 .
596 1812 602 1826 .
622 1761 733 1838 ἐκλέξαι
755 1771 812 1825 τῶν
833 1762 1012 1846 ὀρεγομένων
1040 1771 1091 1845 τῆς
1111 1762 1202 1844 αὐτῆς
1221 1785 1329 1842 προαι-

175 1857 279 1942 ρέσεως
300 1861 363 1937 τοὺς
382 1861 622 1944 ἐπιφανεστάτους
649 1864 770 1943 ἀριστεῖς
789 1869 911 1927 conlatis
935 1888 999 1926 cum
1017 1867 1329 1945 Pytb.1111188sq.:

374 1963 403 2038 ἒς
423 1962 454 2027 δὲ
473 1964 588 2026 Ἰωλκὸν
608 1965 671 2028 ἐπεὶ
692 1962 799 2045 κατέβα
823 1972 930 2027 ναυτᾶν
951 1965 1040 2040 ἄωτος
1054 1965 1089 2044 ²),

375 2063 473 2141 λε’ξατο
495 2065 604 2142 πάντας
623 2063 917 2154 ἐπαινήσαιςιἸάσων
929 2067 965 2146 ³).
1065 2067 1066 2072 '

177 2171 276 2247 Atque
291 2171 348 2229 alio
371 2172 435 2231 loco
458 2192 522 2231 oum
546 2172 732 2231 Homericum
763 2172 837 2232 illud
857 2167 956 2250 'Apyol
975 2175 1044 2229 πᾶσι
1065 2163 1195 2246 μέλουσα
1217 2191 1235 2230 a
1257 2170 1333 2230 Pin·

177 2271 249 2329 daro
271 2273 360 2347 paulo
382 2273 475 2331 fusius
506 2272 683 2350 explicatum
706 2259 865 2350 Dionysius
888 2293 940 2332 suc
960 2293 1040 2331 more
1064 2272 1102 2331 ad
1124 2273 1253 2332 rationes
1276 2293 1334 2351 pe·

177 2371 289 2430 destres
322 2393 414 2450 neque
446 2373 558 2448 volgari
589 2392 686 2431 rerum
716 2373 909 2432 humanarum
940 2379 1065 2433 naturae
1087 2375 1251 2432 contrarias
1275 2373 1333 2434 de-

174 2477 323 2546 traxisset,
336 2476 442 2534 iterum
455 2480 572 2552 poetam
586 2478 615 2531 et
627 2474 877 2552 mytbographmn
889 2455 1022 2533 Valerius
1034 2475 1151 2534 miscuit
1163 2466 1187 2556 [Ι
1197 2475 1237 2532 96
1248 2466 1310 2557 sq]
1322 2497 1329 2536 ε

313 2582 349 2635 at
370 2578 442 2636 luno
464 2575 617 2652 Argolicas
639 2577 752 2652 pariter
775 2576 981 2652 Macetumque
1003 2596 1057 2653 per
1081 2577 1167 2636 urbes

317 2679 432 2756 spargit
453 2681 623 2755 inexpertos
646 2682 792 2755 temptare
813 2678 987 2755 parentibus
1010 2685 1125 2738 austros

318 2780 498 2839 Aesoniden:
520 2781 578 2838 iam
600 2785 679 2839 stare
699 2783 792 2838 ratem
816 2782 960 2856 remisque
982 2769 1137 2857 superbam

317 2899 437 2958 poscere
459 2899 532 2956 quos
553 2879 676 2939 revehat
697 2880 842 2957 rebusque
865 2882 895 2938 in
917 2880 1034 2940 saecula
1057 2871 1191 2956 tollat4).

278 3169 304 3238 l)
325 3167 364 3222 cf.
383 3168 400 3220 l.
420 3185 443 3222 c.
463 3185 501 3222 vs.
523 3171 555 3222 71
569 3186 622 3237 sq:
722 3209 749 3225 ..
770 3173 915 3240 θέσφατον
934 3161 967 3236 ἦν
986 3173 1092 3228 Πελίαν

266 3258 294 3316 ἐξ
312 3252 422 3324 ἀγαυῶν
440 3256 576 3310 Αἰολιδᾶν
594 3260 718 3326 θανέμεν
734 3243 875 3327 χείρεσσιν
894 3250 908 3323 ἢ
927 3260 1036 3324 βουλαῖς
1053 3251 1215 3327 ἀκάμπτοις.

275 3349 303 3415 2)
324 3344 381 3400 lloo
399 3347 440 3399 ita
459 3343 597 3414 expressit
615 3343 742 3397 Valerius
760 3343 784 3413 [l
805 3344 930 3415 100sq.]:

375 3434 464 3486 omnis
483 3433 561 3486 adest
580 3449 650 3502 quae
668 3433 724 3485 iam
743 3433 822 3487 bellis
840 3438 1020 3504 spectataque
1042 3433 1116 3488 lama

375 3521 459 3573 turba
478 3520 579 3574 ducum
598 3520 703 3590 primae
722 3538 769 3575 sen
790 3538 859 3591 quos
879 3522 906 3575 in
925 3523 995 3576 flore
1014 3523 1145 3576 iuventae

375 3612 577 3677 temptamenta
594 3613 690 3663 tenent
708 3609 825 3664 necdum
846 3610 912 3664 data
930 3612 1010 3680 copia
1027 3628 1129 3665 rerum.

178 3697 305 3750 Ceterum
324 3695 439 3749 Pindari
458 3713 563 3751 memor
577 3697 741 3752 Theocritus
750 3696 812 3750 Xlll
824 3701 858 3751 27
878 3705 953 3758 θεῖος
975 3694 1061 3758 ἀωιος
1081 3694 1177 3769 ἡρώων
1195 3701 1224 3751 et
1238 3716 1278 3752 vs.
1293 3703 1331 3753 17

177 3781 337 3854 ἀριστῆες..
353 3826 378 3840 ..
398 3786 493 3838 πασᾶν
506 3786 536 3838 ἐκ
548 3787 652 3838 πολίων
670 3787 882 3857 προλελεγμένοι
903 3772 941 3841 ὧν
960 3781 1061 3856 ὄφελός
1079 3809 1102 3842 τι
1122 3787 1201 3841 dixit.
1234 3786 1331 3854 erem

176 3872 301 3926 imitatus
320 3877 361 3926 est
381 3872 521 3942 Vergilius
537 3872 788 3945 [ecl.111134sq.]:

426 4000 541 4017 .....
561 3969 589 4016 ot
607 3963 695 4017 altera
713 3981 784 4032 quae
802 3965 885 4019 vehat
905 3963 999 4034 Argo*
1037 4001 1043 4012 ·

426 4050 549 4106 delectos
569 4050 667 4104 heroas
688 4094 693 4106 .
714 4093 720 4106 .

276 4141 302 4206 3)
322 4139 421 4207 Itaque
438 4155 500 4193 meo
519 4138 580 4193 iure
601 4139 715 4213 Pindari
733 4142 896 4195 memoriam
916 4143 959 4196 bis
979 4142 1151 4197 scholiorum
1162 4141 1327 4211 Apollonia·

178 4244 276 4282 norum
295 4227 365 4282 locis
385 4228 518 4298 Dionysio
538 4226 634 4282 deberi
654 4245 766 4282 censeo:
786 4228 839 4282 llll
859 4231 921 4283 259.
943 4228 1325 4284 1552.1562.1750.11498.

277 4317 305 4387 4)
323 4317 399 4371 Haec
418 4315 554 4373 Pindarus
574 4317 603 4387 [1.
623 4333 646 4370 c.
665 4335 706 4371 vs.
718 4319 770 4371 184
782 4317 846 4386 sq.]:

212 4399 261 4459 τὸν
279 4404 311 4457 δὲ
330 4407 479 4477 παμπειθῆ
496 4402 596 4475 γλυκὺν
614 4403 774 4477 ἡμιθέοισιν
792 4399 885 4460 πάθον
904 4407 1012 4462 ἔνδαιεν
1024 4403 1097 4477 ’Ἠριι
1141 4423 1149 4432 ’

213 4488 279 4549 ναὸς
287 4487 398 4562 Ἀργοῦς
412 4489 453 4564 μή
473 4512 532 4548 τινα
550 4486 718 4564 λειπόμενον
