2958 4786
674 253 708 308 29

94 429 303 490 Telamonem
318 433 448 508 Aeginae
461 432 538 492 filios
553 432 662 492 diceret
678 429 726 508 [cf.
741 455 783 493 vs.
802 435 870 493 131.
888 435 946 492 185
956 431 1034 510 sq.]‘l
1056 432 1160 492 Videas
1181 453 1264 511 prae·

95 539 201 590 terea
223 552 312 610 quam
336 551 395 591 non
417 538 497 610 apte,
528 554 616 610 quam
637 537 698 594 sine
716 541 783 594 arto
805 555 917 595 conexu
937 534 1004 594 illae
1024 533 1128 594 Phinei
1154 534 1266 594 fabula·

97 653 178 692 rum
207 634 349 711 reliquiae
371 637 536 694 narrationi
570 636 744 696 exilissimae
765 638 894 696 insertae
921 637 993 696 sint:
1023 635 1121 696 verine
1144 635 1266 694 similius

98 738 154 792 est
179 733 330 793 hominem
352 736 440 795 istum
466 735 552 796 docto
568 737 666 813 aliquo
683 743 814 796 veterum
837 736 1003 796 fabularum
1029 736 1169 796 thesauro
1182 756 1266 795 usum

100 855 177 894 esse
212 855 251 894 an
285 857 342 895 nou
375 837 468 896 solum
498 835 764 915 Argonauticorum
797 857 913 897 carmen
943 838 995 898 sed
1028 837 1266 897 commentarium

101 957 238 1013 quoque
259 935 452 1014 compilasse?
486 937 708 997 Concedendum
732 943 778 998 est
799 958 857 998 non
878 958 976 997 omnes
1003 937 1191 997 difficultates
1213 937 1267 995 hac

103 1038 234 1096 ratione
256 1038 342 1112 solvi,
373 1041 531 1116 praecipue
558 1041 632 1098 mira
659 1039 711 1098 illa
733 1045 763 1098 et
786 1060 861 1099 nova
876 1060 951 1116 quae
973 1039 1009 1099 dc
1031 1040 1287 1115 Argonautarum·

104 1138 217 1197 reditu
249 1140 450 1218 proferuntur,
485 1130 551 1198 non¹
573 1142 719 1214 extricari,
744 1141 795 1200 sed
816 1141 1022 1219 simpliciorem
1045 1141 1188 1199 rationem
1210 1160 1266 1199 non

105 1239 204 1298 video
221 1236 254 1312 ¹).

220 1339 358 1400 Ceterum
384 1342 501 1402 fabulae
522 1343 701 1420 Sophocleae
730 1345 898 1402 memoriam
920 1364 938 1402 a
960 1344 1099 1420 Dionysio
1121 1349 1267 1406 servatam

110 1461 181 1502 esse
214 1441 363 1502 Diodorus
395 1447 480 1504 testis
514 1451 559 1503 est
586 1435 615 1526 [l.
637 1466 661 1504 c.
685 1465 709 1504 c.
725 1445 774 1521 44,
790 1434 835 1526 4];
865 1440 918 1503 οὐκ
940 1441 1035 1522 ἀγνοῶ
1053 1439 1085 1504 δὲ
1106 1440 1176 1503 διότι
1197 1441 1268 1516 τινὲς

109 1545 173 1600 τῶν
193 1538 402 1622 μυθογράφων
433 1540 629 1624 τυφλωθῆναί
655 1564 727 1624 φασι
755 1541 820 1616 τοὺς
845 1541 981 1617 Φινείδας
1006 1541 1064 1604 ἀπὸ
1089 1549 1141 1605 τοῦ
1162 1543 1269 1624 πατρὸς

111 1638 241 1702 καὶτὸν
264 1637 356 1704 Φινέα
381 1648 432 1722 τῆς
456 1634 560 1720 ὁμοίας
591 1649 684 1723 τυχεῖν
712 1650 864 1726 συμφορᾶς
884 1641 943 1706 ἀπὸ
966 1642 1079 1723 Βορέου
1092 1642 1128 1723 2).
1170 1647 1268 1706 Etiam

112 1745 230 1823 Orphei
251 1746 451 1806 adulescentes
473 1751 502 1806 iu
525 1747 649 1825 rupibus
670 1769 704 1806 ac
719 1749 800 1808 silvis
821 1752 971 1828 expositos
999 1755 1160 1828 posteaque
1177 1750 1268 1809 oculis

115 1847 267 1905 restitutis
299 1853 418 1908 sanatos
449 1869 484 1908 ex
511 1849 664 1926 Sophoclis
696 1850 850 1926 tragoedia
880 1852 1022 1928 originem
1051 1851 1156 1910 ducere
1176 1851 1269 1929 siquis

117 1949 200 2005 ausit
220 1953 361 2022 statuere,
384 1953 551 2009 testimonia
573 1958 692 2028 praesto
719 1957 788 2009 sunt
808 1952 977 2011 Aristotelis
1002 1943 1198 2034 [poetic.16]:
1219 1951 1269 2011 καί

119 2041 140 2124 ἦ
164 2043 196 2105 ἐν
219 2051 276 2118 τοῖς
298 2044 456 2120 Φινείδαις·
480 2047 593 2109 ἰδοῦσαι
616 2048 672 2129 γὰρ
695 2047 743 2110 τὸν
764 2040 852 2110 τίντιον
873 2048 1088 2131 συνελογίσαντο
1102 2047 1268 2131 τὴνείμοιρ-

118 2142 212 2226 μένην
238 2143 279 2208 ὅτι
306 2146 338 2208 ἐν
366 2146 456 2234 τούτῳ
478 2147 598 2229 εἵμαρτο
619 2148 781 2211 ἀποθανεῖν
810 2149 924 2225 αὐταῖς·
947 2152 996 2213 καί
1018 2150 1073 2233 γάρ
1095 2150 1269 2232 ἕξετὲθησαν

120 2246 264 2323 ἐνταῦθα,
282 2273 358 2330 quac
372 2251 461 2311 verba
472 2253 644 2313 Welckerus
656 2252 682 2326 ⁸)
704 2253 899 2330 probabiliter
922 2258 1088 2333 explicavit,
1112 2262 1142 2315 et
1153 2257 1266 2317 Aristo·

121 2352 227 2430 phanis
251 2347 342 2429 [Plut.
358 2349 433 2430 638]
446 2351 486 2427 4);
505 2350 681 2432 Ἀσκληπιοῦ
703 2358 829 2426 παιῶνος
845 2352 984 2433 εὐμενοῦς
1004 2352 1104 2435 τυχών.
1145 2356 1268 2416 Omnino

123 2453 282 2530 Dionysius
305 2455 435 2514 fabulam
460 2456 651 2533 Sophocleum
674 2459 734 2516 suis
756 2462 790 2516 ut
811 2459 885 2517 solet
907 2458 1070 2517 rationibus
1093 2457 1268 2517 contorsisse

124 2556 251 2633 videtur,
285 2559 356 2634 quin
387 2559 473 2616 eliam
503 2560 626 2617 conlatis
660 2559 828 2619 Aristotelis
861 2559 957 2619 verbis
991 2565 1021 2619 et
1058 2560 1268 2637 epigrammate

125 2657 269 2733 Cyziceno
293 2651 390 2733 [anth.
406 2657 511 2730 1114]:

247 2780 389 2862 purpuria
412 2779 538 2854 Κλυτίος
557 2782 606 2841 καί
625 2779 773 2854 κλυτάνοος
794 2781 974 2863 Πολυμήδης

292 2880 429 2944 κτείνουσι
453 2882 584 2964 Φρυγίην
602 2880 711 2962 ματρὸς
731 2878 803 2958 ίίτιερ
825 2881 973 2964 σφετέρας·

251 2982 434 3064 Κλειοπάτρη
457 2983 483 3044 ἀ
505 2983 553 3044 ἐντί
574 2989 661 3044 τοῖσιν
682 2980 834 3064 ἀγάλλεται
858 2982 878 3064 ἣ
897 2987 964 3066 πρὶν
985 2985 1096 3048 ἐπεῖδεν

292 3082 344 3145 τάν
367 3083 478 3159 Φινέως
498 3083 626 3166 γαμετάν
649 3083 841 3165 ἀαμναμένην
859 3082 949 3162 ὁσίως,

134 3215 256 3291 suspicio
271 3221 316 3272 est
338 3235 469 3293 nequae
492 3215 528 3274 de
548 3235 689 3274 novercae
711 3217 812 3291 poenis
834 3219 923 3292 poeta
944 3217 1083 3287 narravit,
1104 3219 1148 3274 ita
1170 3217 1219 3275 ille
1238 3218 1269 3276 in

130 3315 321 3374 fabulationes
343 3336 411 3374 suas
430 3317 618 3375 transtulerit
639 3322 674 3374 ut
694 3335 774 3375 more
797 3316 883 3375 solito
896 3316 1049 3376 Herculem
1070 3320 1148 3376 omni
1169 3316 1271 3378 huma·

122 3419 219 3484 *nitate
240 3423 269 3476 et
291 3417 444 3478 clementia
466 3423 594 3488 ornaret,
623 3425 776 3494 praeterea
797 3418 844 3477 vel
871 3417 1010 3477 hocloco
1031 3419 1154 3495 Scythas
1177 3421 1270 3478 immi·

229 3682 254 3751 1)
276 3682 425 3736 Praeterea
453 3699 485 3736 ea
511 3682 545 3737 de
572 3700 654 3738 causa
681 3701 780 3753 parum
799 3684 905 3753 liquere
931 3701 987 3739 non
1008 3685 1209 3755 neglegendum
1228 3687 1271 3740 est

134 3789 183 3841 quo
200 3771 299 3826 itinere
316 3772 345 3824 in
365 3771 504 3827 Oceanum
522 3773 698 3842 Argonautas
715 3774 874 3842 pervenisse
892 3773 1017 3844 Orpheus
1034 3775 1199 3844 personatus
1217 3773 1270 3829 sibi

134 3860 248 3928 finxerit,
268 3860 341 3929 quod
359 3861 435 3916 locus
454 3862 635 3931 gravissimus
653 3863 792 3918 nonnullis
805 3863 930 3918 versibus
949 3863 1212 3932 post1069lacuna
1229 3863 1270 3915 in-

135 3949 260 4018 terceptis
278 3949 403 4018 perierit.

225 4038 253 4107 2)
275 4036 350 4104 Quae
378 4037 463 4092 schol.
484 4037 567 4107 Soph.
586 4040 652 4093 Ant.
672 4039 725 4092 980
746 4038 827 4092 docte
856 4043 1069 4109 componuntur,
1096 4058 1112 4094 a
1139 4039 1270 4108 Dionysio

138 4127 216 4180 aliena
241 4143 300 4180 esse
330 4126 467 4181 videntur.
505 4127 633 4182 Ceterum
662 4126 824 4197 tragoediae
847 4131 1044 4199 argumentum
1063 4129 1091 4182 in
1113 4128 1270 4182 fabularum

138 4214 299 4285 compendiis
318 4215 408 4270 locum
437 4216 560 4270 obtinuit
579 4216 613 4270 cf.
634 4215 795 4286 Apollodor.
816 4215 855 4270 llI
876 4219 947 4282 15,3
966 4233 1056 4285 neque
1074 4215 1167 4268 omitti
1188 4213 1271 4268 velim

138 4302 205 4358 ovid.
224 4321 249 4357 a·
269 4321 292 4359 a.
311 4303 396 4358 1339.
415 4322 481 4359 rem.
500 4306 563 4360 454.
581 4305 622 4358 lb.
641 4306 702 4358 269.

227 4391 255 4464 3)
276 4391 359 4463 Trsg.
378 4412 469 4465 graec.
489 4395 664 4464 111p.1206.

226 4483 255 4552 4)
274 4482 314 4536 cr.
335 4483 404 4537 rrc
425 4503 452 4554 p.
468 4485 528 4539 aar.
611 4471 613 4476 ’
