2958 4786
732 203 766 256 46

171 385 217 445 illi
238 386 326 444 vitem
353 403 499 460 pomaque
521 385 651 460 agrestia
667 382 778 442 colendi
794 387 825 442 et
839 385 1030 444 conservandi
1045 387 1175 445 rationes
1187 407 1204 444 a
1215 385 1341 446 Libero

170 490 325 546 inventae:

371 588 412 645 111
434 588 519 654 rua
972 587 1013 646 111
1037 591 1117 660 aas

171 686 325 766 ε’πιιοῆοαι
358 686 414 766 γὰρ
447 683 535 745 αὐτὸν
559 678 598 746 ἔτι
628 683 719 744 παῖδα
847 683 1255 765 τῆςχαίραςυότομτίτωςδαὶ
1272 684 1337 764 τὴν·

171 785 225 868 τὴν
246 782 360 866 ἡλικίαν
388 783 455 845 ὄντα
483 791 533 846 τοῦ
561 782 618 862 μὲν
639 781 719 850 οἴνου
769 783 928 864 εὐκρασίαν
959 784 1101 866 ρεροόσης
1132 785 1244 864 πολλὴν
1265 784 1334 866 τίμ-

173 887 227 969 τὴν
248 886 336 967 φύσιν
358 909 385 947 τε
405 887 453 946 καί
470 883 573 964 χρείαν
594 881 719 944 τίποθλί-
773 887 860 945 ustor
889 885 1001 963 πρῶτον
1029 892 1129 947 τοῦτον
1150 885 1333 963 ἀποθλῖψαι

173 1005 272 1068 ψαντα
314 985 417 1066 βότρυς
459 992 509 1066 τῆς
558 984 723 1065 αὐτοφυοῦς
771 982 895 1064 βότρυας
915 987 964 1046 καί
986 984 1040 1065 τὴν
1057 985 1160 1065 χρείαν
1190 986 1241 1066 τῆς
1257 987 1332 1068 περὶ

170 1086 312 1169 ἀμπέλου,
336 1088 392 1149 uuir
420 1087 446 1147 δ’
474 1084 589 1166 ὡραίων
616 1085 649 1146 τὰ
671 1085 718 1146 δυ·
772 1083 821 1144 τὸν
843 1077 923 1146 οἶνον
932 1084 1046 1166 ηιόσεως
1060 1086 1223 1167 ἐπινοῆσαι,
1239 1083 1329 1165 ὁμοί·

171 1188 281 1269 ντίμενα
295 1187 485 1270 ξηραίνεσθαι
500 1189 549 1248 καί
564 1187 635 1267 πρὸς
649 1185 720 1246 ἀπο·
772 1207 810 1258 ως
838 1184 869 1248 δὲ
895 1187 944 1247 καί
976 1193 1031 1247 τῶν
1063 1186 1158 1249 σύκων
1189 1189 1238 1248 καί
1266 1194 1332 1248 τῶν

171 1289 374 1372 θησαυρισμόν
395 1287 463 1351 ὄντα
479 1287 622 1370 χρήσιμα,
644 1286 719 1366 μετὰ
772 1285 868 1346 ἄλλων
880 1281 1050 1367 ἀκροδρόων
1062 1285 1331 1369 τὴνκαθήκουσαν

171 1392 202 1455 δὲ
225 1399 314 1453 ταῦτα
346 1392 395 1451 καί
428 1390 476 1464 τὰς
499 1387 628 1450 ῒκόστων
649 1386 717 1447 κατί
772 1385 937 1466 ἐπιμέλειαν
951 1389 1136 1470 ποιήσασθαι
1157 1391 1206 1450 καὶ
1228 1389 1329 1450 καθό-

171 1492 278 1574 τρόπον
299 1489 418 1572 φυτείας
440 1488 542 1569 εἶρεῖν.
770 1492 822 1548 λου
844 1488 878 1549 τὰ
901 1489 973 1567 πρὸς
997 1490 1051 1570 τὴν
1072 1489 1250 1573 συγκομιδὴν
1271 1491 1330 1551 καί

770 1589 934 1670 παράθεσιν
967 1590 1074 1654 τρόπον
1111 1598 1166 1653 τῶν
1201 1597 1330 1673 καρπῶν

773 1689 935 1771 ἐπινοῆσαι.

272 1795 352 1867 Quae
386 1797 483 1854 omnia
515 1795 584 1870 quia
616 1795 742 1852 orationi
771 1796 814 1852 ita
844 1797 958 1855 intexta
980 1801 1049 1856 sunt
1072 1803 1107 1856 ut
1129 1797 1181 1856 cici
1204 1800 1329 1856 omnino

170 1901 319 1975 nequeant
340 1915 436 1973 neque
458 1896 603 1954 Diodorus
627 1915 701 1971 quae
723 1894 781 1954 alio
804 1897 867 1956 loco
892 1899 1061 1975 exposuerit
1082 1899 1215 1957 consulto
1235 1918 1327 1975 rape·

171 2001 229 2060 tita
251 1999 415 2056 narrationi
438 1997 632 2074 interpolasse
658 1997 759 2072 putari
783 1998 886 2074 possit,
909 2004 1002 2057 totam
1025 1998 1062 2062 de
1083 1999 1197 2058 Baccho
1218 1979 1327 2076 dispu-

170 2101 312 2161 tationem
334 2099 401 2158 inde
422 2119 440 2158 a
460 2097 556 2155 11162
579 2097 616 2155 ad
639 2096 729 2155 11115
753 2084 1260 2190 Scytoirrdohioni'uirididdjsatque
1283 2098 1328 2157 εἶ-

65 2238 70 2246 -
172 2183 239 2258 mile
261 2200 333 2276 quid
363 2187 396 2258 ac
428 2218 518 2276 supra
540 2191 700 2274 adparuitf
727 2217 784 2255 non
816 2200 909 2258 solum
932 2194 980 2259 ille
1009 2200 1046 2259 de
1069 2201 1184 2261 Baccho
1206 2200 1328 2278 Libyco

171 2321 261 2360 novas
284 2305 314 2359 et
335 2300 484 2358 inauditas
518 2299 634 2358 fabulas
655 2301 814 2358 'enarravit
844 2300 896 2359 sed
923 2304 1041 2379 copiosa
1062 2303 1261 2380 disputatione
1282 2303 1330 2363 de

172 2401 279 2460 Bacchi
300 2407 409 2460 natura
430 2401 512 2460 cultu
534 2401 622 2459 rebus
639 2402 730 2474 gestis
752 2401 890 2461 instituta
911 2423 986 2479 quae
1007 2403 1059 2462 alii
1080 2404 1127 2462 uel
1149 2403 1251 2480 populi
1273 2405 1327 2464 vel

171 2503 330 2581 scriptores
356 2501 443 2560 aliter
465 2503 501 2561 do
524 2499 637 2562 Baccho
658 2499 845 2560 tradiderant
867 2502 950 2562 docte
971 2505 1142 2580 composuit.
1177 2503 1266 2575 Quem
1289 2506 1326 2564 in

172 2605 413 2678 Argonautarum
443 2604 578 2680 catalogo
606 2603 812 2662 constituendo
838 2604 968 2664 ostendit
987 2625 1095 2664 morem
1117 2605 1325 2682 distinguendi

171 2709 202 2764 at
224 2704 392 2763 discrimina
411 2704 536 2764 faciendi
552 2699 587 2782 ¹),
620 2704 674 2763 hoc
707 2704 770 2763 loco
801 2704 888 2764 rebus
921 2705 1028 2765 divinis
1057 2706 1192 2764 adhibuit
1220 2706 1326 2766 tribus

171 2806 291 2866 Bacchis
313 2812 344 2864 et
364 2807 444 2882 apud
467 2805 592 2867 Graecos
615 2813 645 2865 et
667 2805 745 2883 apud
767 2805 879 2883 Libyas
905 2808 1035 2868 statutis.
1079 2807 1194 2882 Insigne
1217 2804 1323 2864 huius·

171 2907 250 2966 modi
272 2909 455 2983 argutiarum
478 2907 642 2983 exemplum
665 2911 712 2965 ast
737 2907 856 2966 deorum
879 2927 1015 2967 recensus
1038 2907 1185 2968 Giceronis
1208 2906 1245 2964 de
1265 2926 1322 2964 na·

170 3014 240 3068 tura
272 3007 392 3068 deorum
425 3008 501 3068 libro
533 3010 661 3067 insertus
694 3001 866 3086 [11121‚53
884 3002 984 3088 sq.]²)
1017 3015 1107 3086 utque
1135 3009 1189 3066 etsi
1223 3007 1324 3084 qualis

273 3199 300 3268 1)
319 3198 394 3252 Haec
414 3197 516 3252 scholia
535 3197 703 3251 documento
719 3199 806 3264 sunta
1231 3259 1234 3262 ,

241 3287 301 3338 123
323 3281 479 3356 Ἡρόδωρος
500 3279 548 3339 δύο
574 3285 641 3339 εἶναι
662 3282 768 3358 Ὀρτρεῑς
790 3301 877 3356 φησιν
901 3269 939 3340 ὧν
966 3285 1014 3340 τὸν
1033 3285 1126 3356 ἕτερον
1144 3284 1320 3355 συμπλεῦσαι

205 3380 261 3433 τοῖς
276 3368 472 3445 Ἀργοναύταις,

245 3464 294 3515 162
315 3457 364 3516 δύο
384 3463 417 3515 δέ
442 3465 493 3514 εἰσι
513 3460 658 3532 Κηφεῖς,ὁ
679 3461 734 3533 μὲν
749 3458 851 3516 Ἀλεοῦ
875 3446 906 3513 οὗ
929 3455 1318 3532 μνημονεόειῖΑπολίώνιος,
1373 3523 1379 3532 ,

206 3551 221 3605 ὁ
241 3551 272 3604 δὲ
292 3551 383 3622 ἕτερος
399 3535 430 3603 οὗ
449 3544 616 3622 μνημονεύει
633 3546 787 3608 Ἑλλάνικος
805 3550 835 3603 ἓν
853 3549 890 3618 spi
910 3552 972 3618 περὶ
989 3545 1150 3617 Ἀρκαδίας.

242 3639 379 3694 1111087:
409 3640 464 3692 ἔστι
490 3639 521 3691 δὲ
544 3642 588 3690 καὶ
613 3637 702 3709 ἓτερος
721 3641 878 3692 Δευκαλίων
901 3639 965 3706 περὶ
988 3621 1019 3688 οἷν
1039 3634 1192 3696 Ἑλλάνικος
1215 3639 1323 3706 ἱστορεῖ

208 3729 254 3798 [cf.
273 3729 309 3783 ad
327 3745 365 3783 vs.
389 3727 559 3796 loculoso]
580 3730 626 3780 καὶ
643 3721 722 3785 ἄλλος
740 3725 755 3779 ὁ
775 3732 889 3784 Μίνωος
908 3728 971 3795 περὶ
989 3709 1021 3777 οἷν
1040 3719 1196 3795 Φερεκύδης
1213 3729 1259 3778 καὶ
1275 3729 1317 3777 τί-

207 3837 302 3888 ταρτος
320 3814 335 3870 ὁ
353 3811 478 3883 Ἄβαντος
496 3801 527 3868 οἷν
545 3810 710 3886 μνημονεύει
726 3812 901 3885 Ἀρίστιππος
919 3815 950 3867 ἐν
964 3809 1133 3883 Ἀρκαδικοῖς.

168 3905 331 3974 Dionysium
350 3904 523 3973 Pherecydes
536 3902 1008 3972 HellanicusHerodorusprodunt.
1031 3902 1158 3956 Ceterum
1178 3900 1316 3957 nivales.

169 3994 181 4047 l
195 3995 247 4048 365
261 4012 301 4062 sq.
320 3994 392 4062 Hyg.
411 3992 466 4046 fab.
480 3991 604 4063 XIIII'sp.
616 3996 651 4047 44
661 3994 700 4047 Μ.

268 4083 297 4152 2)
324 4080 480 4135 Admodum
510 4082 607 4136 similis
636 4084 677 4135 est
704 4081 781 4135 loeus
809 4082 958 4136 Clementis
990 4079 1091 4149 [protr.
1115 4096 1141 4147 p.
1153 4080 1188 4130 24
1198 4079 1240 4145 P.]
1268 4077 1315 4130 ubi

170 4174 262 4222 tamen
281 4185 370 4238 pauca
387 4168 505 4238 Didymo
524 4159 637 4223 auctore
656 4168 823 4223 adiciuntur.
851 4171 904 4238 Qui
923 4170 963 4222 ibi
981 4168 1108 4222 adfertur
1126 4166 1198 4219 liber
1211 4165 1315 4220 Aristo-

169 4256 241 4324 telis,
260 4257 377 4312 eundem
390 4255 474 4310 fuisse
487 4273 587 4311 censeo
607 4262 689 4326 atque
709 4259 757 4324 qui
767 4257 851 4312 Rhesi
869 4257 954 4312 schol.
975 4259 1009 4310 28
1028 4257 1063 4310 de
1081 4255 1231 4326 theogonia
1243 4271 1314 4308 com·

169 4348 349 4398 memoratur.
389 4343 538 4397 Praeterea
556 4345 682 4399 conferas
698 4344 790 4399 locum
805 4345 952 4400 Strabonis
970 4345 1004 4398 de
1014 4346 1116 4400 Bacchi
1130 4347 1199 4400 urbe
1209 4345 1316 4411 Libyca

170 4430 233 4498 [VII
252 4451 277 4501 p.
289 4433 360 4502 299}
382 4431 504 4500 Ampelii
524 4431 618 4501 [9,11]
641 4450 683 4485 me
702 4432 886 4487 Bueehotcrus
906 4434 1126 4490 commonefecit.
