2958 4786
16 1219 19 1374 l

16 1411 19 1476 ¹

16 1995 18 2052 l

682 296 715 348 49

119 463 221 548 primo
242 469 318 529 libro
349 471 386 529 de
414 491 474 530 uno
500 470 551 529 illo
574 472 651 531 Osiri
673 474 743 532 vitis
772 493 983 551 pomorumque
1005 475 1117 534 cultore
1147 475 1273 552 dixerat,

123 573 228 630 eadem
240 575 338 649 quarti
361 573 428 631 libri
451 573 546 645 initio,
568 573 619 632 ubi
638 574 864 634 Baccholndieo
886 579 991 636 omisso
1013 576 1184 637 beneficium
1199 578 1272 638 illud

125 674 187 731 filio
212 675 381 734 vindicabat
404 666 450 756 [ef.
474 695 564 753 supra
586 696 616 752 p.
628 665 690 756 43],
713 678 917 753 incerpolareh:

248 783 251 790 '
420 778 532 847 115,7
1002 781 1069 840 IIII
1085 784 1148 857 2,4

124 862 302 958 μεμνῆσθαι
327 875 358 938 δὲ
380 883 431 956 τῆς
444 875 543 956 Νύσης
565 877 614 936 καί
636 874 686 936 τὸν
706 875 825 956 ποιητὴν
878 879 927 938 καί
948 874 1140 960 τὸνὍμηρον
1161 879 1193 942 δὲ
1211 872 1274 941 τοί·

124 979 157 1039 ἐν
178 982 236 1052 τοῖς
255 975 357 1057 ἀγινοις
378 974 418 1038 δτι
442 980 507 1058 περὶ
533 977 584 1058 τὴν
605 973 759 1059 Αίγυπτον
780 973 825 1058 γε’-
876 1002 931 1054 ιοις
950 987 1137 1062 μαρτυρῆσαι
1162 981 1195 1043 ἕν
1218 986 1276 1056 τοῖς

125 1103 218 1160 γυνεν,
240 1079 272 1140 ἐν
286 1072 329 1153 οἷς
349 1076 436 1160 λέγειῑ
872 1077 973 1159 ἀμνοις
993 1080 1025 1143 ἒν
1046 1075 1088 1156 οἷς
1108 1080 1197 1163 λέγει·

125 1178 183 1242 ἔστι
206 1178 239 1242 δέ
258 1203 298 1254 τις
319 1178 404 1259 Νύση
426 1175 536 1241 ἀπατον
557 1178 622 1261 ἀρος
643 1177 752 1243 ἀνθέον
771 1178 823 1266 ὕλη
873 1177 928 1242 ἔστι
963 1180 996 1244 δέ
1029 1205 1069 1256 τις
1101 1181 1187 1264 Νύση
1218 1189 1273 1248 κτλ.

127 1287 213 1363 τηλοῦ
235 1279 371 1361 Φοινίκης
402 1280 502 1362 σχεδὸν
523 1279 689 1363 Αἰγύπτοιο
717 1280 821 1362 ῥοάων.
873 1281 1015 1364 τραφέντα
1045 1284 1072 1344 δ’
1102 1284 1191 1347 αὐτὸν
1216 1284 1274 1350 ὑπὸ

125 1381 247 1464 εὑρετὴν
268 1383 294 1443 δ’
317 1381 404 1444 αὐτὸν
430 1380 567 1463 γενέσθαι
589 1384 661 1464 φασὶ
690 1389 738 1464 τῆς
764 1381 823 1461 ἀμ·
873 1390 929 1444 τῶν
949 1391 1072 1466 νυμφῶν
1092 1385 1123 1447 ἕν
1141 1371 1295 1473 τῇΝίση

128 1481 215 1547 πίλου
238 1485 302 1563 περὶ
326 1483 380 1565 τὴν
403 1488 508 1545 Νῦσαν
534 1485 583 1544 καί
611 1483 664 1565 τὴν
685 1505 822 1565 κατεργα-
876 1485 966 1564 φασίν
986 1483 1106 1566 εὑρετὴν
1122 1491 1173 1547 τοῦ
1195 1483 1274 1548 οίνου

127 1585 193 1646 σιάν
215 1591 264 1646 τοῦ
289 1584 391 1666 ταύτης
423 1591 538 1665 καρποῦ
563 1583 825 1665 προςεπιυοήσαντα
875 1583 1072 1667 γενέσθαικαὶ
1087 1586 1140 1667 τὴν
1154 1587 1274 1668 φυτείαν

131 1687 245 1767 πρῶτον
266 1683 334 1772 σίνῳ
353 1678 529 1768 χρησασθαι
561 1688 610 1746 καί
630 1684 743 1760 διδάξαι
764 1686 828 1760 τοὺς
876 1678 987 1760 διδάξαι
1004 1693 1055 1768 τῆς
1068 1685 1199 1766 ἀμπέλου
1211 1688 1276 1762 τοίς

126 1788 229 1861 ἀλλους
260 1784 435 1866 ἀνθρώπους
466 1785 520 1867 τήν
561 1809 589 1848 τε
630 1786 749 1870 φυτείαν
775 1793 828 1868 τῆς
876 1786 1059 1870 ἀνθρώπους.

128 1887 260 1969 ἀμπέλου
276 1890 324 1948 καί
345 1871 399 1968 τὴν
415 1893 522 1968 χρῆσιν
543 1894 593 1949 τοῦ
616 1885 695 1950 οίνου
712 1889 760 1949 καί
773 1889 826 1969 τὴν

127 1989 305 2072 συγκομιδὴν
327 1987 482 2050 αὐτοῦκαὶ
503 1981 629 2069 τήρησιν.

128 2098 188 2154 llos
209 2116 311 2154 versus
334 2100 364 2153 et
387 2096 532 2171 pleniores
551 2096 665 2171 quidem
683 2096 776 2153 altero
791 2114 907 2172 quoque
924 2095 987 2153 loeo
1002 2094 1052 2152 ubi
1068 2114 1143 2171 quae
1158 2097 1275 2172 patriae

128 2199 234 2256 Bacchi
256 2201 287 2255 in
309 2196 433 2256 Graecia
462 2196 632 2256 ferebantur
662 2199 819 2274 componit,
842 2195 1000 2271 Dionysius
1023 2194 1120 2254 adfert
1145 2184 1205 2274 [ΠΙ
1222 2186 1273 2276 66]

129 2320 223 2376 neque
246 2319 281 2356 ex
305 2299 378 2356 alius
403 2300 581 2357 auctoritate
605 2317 652 2357 eos
676 2293 787 2357 scholio
803 2296 899 2373 Apoll.
923 2296 1046 2354 111211
1071 2295 1197 2354 insertos
1213 2316 1275 2355 esse

127 2402 301 2478 pniaverim.
334 2400 435 2476 Neque
458 2401 550 2458 solum
573 2403 650 2459 inter
672 2397 805 2474 Dionysii
827 2398 917 2457 libros
940 2397 1140 2473 Argonautica
1162 2419 1273 2456 ncom-

128 2508 292 2559 montalore
314 2503 509 2579 Apolloniano
543 2501 676 2560 adhibita
709 2521 771 2560 esse
799 2501 1039 2560 Amazonioorum
1069 2502 1150 2560 locus
1182 2500 1272 2559 schol.
1357 2557 1361 2564 ,

126 2603 158 2660 Π
177 2605 235 2660 965
260 2611 393 2662 servatus
405 2600 428 2677 ¹)
460 2603 634 2662 documento
657 2609 710 2661 est.
756 2602 838 2672 Quod
872 2622 940 2661 vero
973 2608 1003 2662 et
1034 2605 1064 2661 in
1100 2601 1218 2661 scholiis
1243 2606 1275 2658 et

125 2709 205 2784 apud
229 2709 388 2766 Diodorum
412 2709 573 2784 Aegyptios
604 2712 726 2783 propter
749 2706 808 2764 Nili
839 2726 945 2782 aquam
971 2704 1116 2763 salubrem
1139 2710 1168 2761 et
1189 2704 1271 2780 geni-

124 2811 213 2867 talem
237 2811 315 2868 iuter
337 2828 435 2868 omnes
457 2813 559 2883 gentes
586 2807 696 2883 primos
722 2827 737 2863 e
761 2812 841 2864 terra
869 2811 987 2865 exortos
1011 2825 1074 2864 esse
1097 2803 1272 2880 Thebasque

125 2910 230 2969 urbem
262 2911 489 2980 uetustissimam
524 2907 685 2966 condidisse
718 2907 870 2966 simillimis
900 2906 1017 2983 quidem
1043 2905 1139 2965 verbis
1171 2924 1271 2963 nerra·

125 3019 178 3070 tur
192 3008 228 3088 ²),
249 3011 321 3070 haee
346 3016 426 3070 certa
442 3007 697 3084 Seytobreohionis
719 3008 843 3083 vestigia
865 3008 960 3067 dicere
981 3027 1039 3064 non
1063 3005 1199 3065 auderem
1217 3005 1273 3062 nisi

124 3278 257 3353 τεκμήρια
283 3283 329 3349 τῆς
349 3281 414 3351 παρ’
432 3279 530 3340 Ἰνδοῖς
556 3286 690 3350 γενέσεως
718 3281 776 3334 ell
799 3281 869 3346 19,7
888 3285 975 3332 κτίσαι
1000 3260 1095 3330 δὲκαὶ
1114 3273 1206 3336 πόλεις
1225 3275 1273 3330 οὐκ

125 3371 221 3441 δλίγας
239 3373 269 3425 ἰν
278 3367 375 3428 Ἰνδοῖς
386 3371 423 3448 ‘lv
437 3365 479 3428 αἶς
498 3373 542 3422 καὶ
560 3369 659 3421 Νῦσαν
677 3361 813 3438 ὀνομάσαι
835 3361 1003 3438 βουλόμενον
1022 3371 1160 3436 μνημεῖον
1178 3361 1273 3418 ἀπολι-

125 3465 191 3513 πεῖν
214 3461 314 3522 ἐκείνης
340 3459 404 3511 καθ’
423 3454 456 3523 ἣν
474 3453 578 3528 ἐτράφη
597 3457 655 3509 κατ’
683 3461 834 3524 Αἴγυπτον.
864 3456 997 3526 φυτεῦσαι
1018 3454 1049 3507 δὲ
1068 3457 1113 3507 καὶ
1131 3452 1222 3508 κιττὸν
1244 3455 1275 3508 ἓν

124 3547 157 3618 τῇ
177 3546 240 3616 παρ’
258 3543 354 3604 Ἰνδοῖς
371 3540 449 3618 Νύση
475 3549 519 3598 καὶ
544 3545 686 3615 διαμένειν
709 3547 786 3597 τοῦτο
806 3541 836 3596 τὸ
857 3539 945 3614 φυτὸν
969 3544 999 3597 ἐν
1020 3542 1114 3610 ἐκείνῳ
1132 3536 1211 3613 μόνῳ
1235 3541 1273 3609 τῷ

125 3630 204 3702 τόπῳ
231 3635 286 3688 τῶν
309 3651 337 3686 τε
356 3633 423 3686 κατὰ
454 3632 502 3699 τὴν
518 3629 635 3699 Ἰνδικὴν
663 3636 708 3684 καὶ
736 3629 784 3698 τὴν
812 3627 918 3703 ὅμορον
943 3626 1046 3702 χώραν.
1071 3627 1158 3683 πολλά
1178 3629 1273 3682 δὲκαὶ

124 3717 194 3774 ἀλλα
214 3729 315 3793 σημεῖα
335 3723 380 3788 τῆς
398 3723 493 3775 ἑαυτοῦ
514 3727 663 3793 παρουσίας
681 3717 894 3774 ἀπολελοιπέναι
912 3720 970 3773 κατ’
989 3721 1095 3785 ἐκείνην
1114 3716 1163 3784 τὴν
1179 3711 1274 3788 χώραν

126 3811 166 3865 δι’
185 3797 223 3882 ὧν
248 3815 441 3881 προαχθέντας
462 3808 523 3869 τοὺς
541 3814 796 3881 μεταγενεστέρους
815 3811 868 3863 τῶν
885 3806 980 3863 Ἰνδῶν
1000 3806 1207 3880 ἀμφισβητῆσαι
1227 3805 1273 3857 τοῦ

126 3903 195 3953 θεοῦ
208 3889 337 3969 λέγόντας
353 3896 443 3954 Ἰνδὸν
462 3900 527 3953 εἶναι
548 3896 578 3951 τὸ
596 3904 685 3968 γένος.

235 3989 263 4059 1)
284 3988 351 4056 Quis
360 3988 510 4057 Dionysius
530 3987 613 4042 schol.
633 3986 731 4039 11904
751 4004 804 4040 una
824 4003 886 4040 cum
906 3984 1084 4039 Aristodemo
1097 3983 1273 4039 elCliiareho

35 4112 38 4120 ,
126 4081 359 4133 commemoretur
383 4093 438 4130 nou
462 4079 585 4130 constet:
604 4075 695 4129 neseio
718 4093 753 4129 au
772 4075 806 4128 de
826 4073 956 4142 Dionysio
974 4091 990 4128 e
1008 4073 1165 4128 Ptolemaeo
1184 4071 1274 4124 Phila·

132 4167 236 4236 delpho
264 4184 325 4222 oum
345 4165 523 4236 Megasthene
539 4164 574 4217 ad
591 4163 673 4217 ludos
692 4164 776 4217 misso
794 4162 972 4232 cogitandum
993 4164 1030 4216 sit
1047 4161 1083 4216 ci.
1102 4160 1173 4214 Plin.
1183 4158 1220 4214 Vl
1231 4160 1274 4214 58.

228 4255 256 4324 2)
275 4255 315 4310 (ll.
335 4255 418 4310 schol.
438 4253 564 4308 1111262
593 4249 653 4310 τοὺς
672 4255 840 4321 Αἰγυπτίους
867 4254 963 4306 πολλοὶ
990 4244 1185 4307 παλαιοτάτους
1206 4249 1277 4302 εἶναι’

127 4365 225 4420 φασιν,
243 4343 391 4417 Ἡρόδοτος
415 4347 446 4399 δὲ
466 4338 584 4416 Φρύγας.
623 4336 754 4413 Μώσμης
781 4341 812 4395 δὲ
839 4343 869 4396 ἐν
892 4336 989 4412 πρώτῳ
1008 4339 1205 4408 Αἰγυπτιακῶν
1229 4343 1275 4391 καὶ

127 4442 226 4492 Λέιον
245 4439 279 4491 ἔν
297 4431 412 4504 πρώτῳ
437 4436 500 4488 τῶν
518 4431 602 4502 πρὸς
624 4430 682 4499 τὴν
701 4437 825 4503 μητέρα
844 4435 890 4484 καὶ
909 4425 1042 4488 Κνωσσὸς
1061 4430 1092 4481 ἒν
1109 4431 1128 4480 ἀ
1146 4433 1273 4496 Γεωγρα-

128 4529 219 4597 ιγικών
238 4528 282 4592 τῆς
300 4524 400 4583 Ἀσιάς
424 4521 534 4577 πάντων
556 4517 748 4593 ἀρχαιοτάτους
767 4524 933 4588 Αἰγυπτίους
951 4520 1021 4571 εἶναί
1037 4531 1138 4586 φασιν·
1159 4520 1204 4567 καὶ
1222 4522 1275 4568 Νι-

1059 4606 1076 4655 4
