<?xml version="1.0" encoding="UTF-8"?>
<!DOCTYPE html PUBLIC "-//W3C//DTD XHTML 1.0 Transitional//EN"
    "http://www.w3.org/TR/xhtml1/DTD/xhtml1-transitional.dtd">
<html xmlns="http://www.w3.org/1999/xhtml" xml:lang="en" lang="en">
 <head>
  <title>
</title>
<meta http-equiv="Content-Type" content="text/html;charset=utf-8" />
  <meta name='ocr-system' content='tesseract 3.04.00' />
  <meta name='ocr-capabilities' content='ocr_page ocr_carea ocr_par ocr_line ocrx_word'/>
</head>
<body>
  <div class='ocr_page' id='page_1' title='image "./dedionysioscyto00schwgoog_0048.png"; bbox 0 0 2958 4786; ppageno 0'>
   <div class='ocr_carea' id='block_1_1' title="bbox 681 271 714 322">
    <p class='ocr_par' dir='ltr' id='par_1_1' title="bbox 681 271 714 322">
     <span class='ocr_line' id='line_1_1' title="bbox 681 271 714 322; baseline 0.03 -1"><span class='ocrx_word' id='word_1_1' title='bbox 681 271 714 322; x_wconf 87' lang='grc'><strong>41</strong></span> 
     </span>
    </p>
   </div>
   <div class='ocr_carea' id='block_1_2' title="bbox 94 448 1460 2956">
    <p class='ocr_par' dir='ltr' id='par_1_2' title="bbox 94 448 1460 2956">
     <span class='ocr_line' id='line_1_2' title="bbox 111 448 1271 527; baseline -0.001 -17"><span class='ocrx_word' id='word_1_2' title='bbox 111 453 189 511; x_wconf 85' lang='lat' dir='ltr'><strong>loca</strong></span> <span class='ocrx_word' id='word_1_3' title='bbox 211 451 348 510; x_wconf 73' lang='lat' dir='ltr'>obtinent</span> <span class='ocrx_word' id='word_1_4' title='bbox 368 469 463 526; x_wconf 86' lang='lat' dir='ltr'><strong>neque</strong></span> <span class='ocrx_word' id='word_1_5' title='bbox 486 448 558 508; x_wconf 89' lang='lat' dir='ltr'><strong>baec</strong></span> <span class='ocrx_word' id='word_1_6' title='bbox 584 454 647 507; x_wconf 90' lang='lat' dir='ltr'><strong>arte</strong></span> <span class='ocrx_word' id='word_1_7' title='bbox 674 451 752 508; x_wconf 86' lang='lat' dir='ltr'><strong>inter</strong></span> <span class='ocrx_word' id='word_1_8' title='bbox 774 470 804 508; x_wconf 90' lang='lat' dir='ltr'><strong>se</strong></span> <span class='ocrx_word' id='word_1_9' title='bbox 826 448 980 508; x_wconf 86' lang='lat' dir='ltr'><strong>cohaerere</strong></span> <span class='ocrx_word' id='word_1_10' title='bbox 1002 453 1105 527; x_wconf 83' lang='lat' dir='ltr'><strong>negari</strong></span> <span class='ocrx_word' id='word_1_11' title='bbox 1127 452 1206 522; x_wconf 90' lang='lat' dir='ltr'><strong>licet,</strong></span> <span class='ocrx_word' id='word_1_12' title='bbox 1228 455 1271 510; x_wconf 83' lang='lat' dir='ltr'><strong>ct·</strong></span> 
     </span>
     <span class='ocr_line' id='line_1_3' title="bbox 113 549 1324 627; baseline -0.001 -16"><span class='ocrx_word' id='word_1_13' title='bbox 113 557 141 612; x_wconf 91' lang='lat' dir='ltr'><strong>si</strong></span> <span class='ocrx_word' id='word_1_14' title='bbox 167 552 254 611; x_wconf 89' lang='lat' dir='ltr'><strong>haud</strong></span> <span class='ocrx_word' id='word_1_15' title='bbox 274 553 333 610; x_wconf 89' lang='lat' dir='ltr'><strong>scio</strong></span> <span class='ocrx_word' id='word_1_16' title='bbox 355 570 393 609; x_wconf 90' lang='lat' dir='ltr'><strong>an</strong></span> <span class='ocrx_word' id='word_1_17' title='bbox 424 553 540 608; x_wconf 90' lang='lat' dir='ltr'><strong>nomina</strong></span> <span class='ocrx_word' id='word_1_18' title='bbox 573 550 611 608; x_wconf 88' lang='lat' dir='ltr'><strong>ab</strong></span> <span class='ocrx_word' id='word_1_19' title='bbox 632 549 750 626; x_wconf 83' lang='lat' dir='ltr'><strong>Hygino</strong></span> <span class='ocrx_word' id='word_1_20' title='bbox 782 551 964 627; x_wconf 85' lang='lat' dir='ltr'><strong>transposita</strong></span> <span class='ocrx_word' id='word_1_21' title='bbox 994 552 1062 624; x_wconf 86' lang='lat' dir='ltr'><strong>sint,</strong></span> <span class='ocrx_word' id='word_1_22' title='bbox 1086 559 1116 611; x_wconf 92' lang='lat' dir='ltr'><strong>et</strong></span> <span class='ocrx_word' id='word_1_23' title='bbox 1138 553 1272 611; x_wconf 89' lang='lat' dir='ltr'><strong>Valerius</strong></span> <span class='ocrx_word' id='word_1_24' title='bbox 1322 594 1324 619; x_wconf 76' lang='grc'>.</span> 
     </span>
     <span class='ocr_line' id='line_1_4' title="bbox 113 624 1325 731; baseline -0.002 -19"><span class='ocrx_word' id='word_1_25' title='bbox 113 674 231 731; x_wconf 86' lang='lat' dir='ltr'><strong>parum</strong></span> <span class='ocrx_word' id='word_1_26' title='bbox 264 656 366 729; x_wconf 88' lang='lat' dir='ltr'><strong>aperte</strong></span> <span class='ocrx_word' id='word_1_27' title='bbox 398 655 487 726; x_wconf 88' lang='lat' dir='ltr'><strong>atque</strong></span> <span class='ocrx_word' id='word_1_28' title='bbox 519 651 596 708; x_wconf 87' lang='lat' dir='ltr'><strong>clarc</strong></span> <span class='ocrx_word' id='word_1_29' title='bbox 616 651 757 726; x_wconf 86' lang='lat' dir='ltr'><strong>loquitur.</strong></span> <span class='ocrx_word' id='word_1_30' title='bbox 802 651 934 728; x_wconf 88' lang='lat' dir='ltr'><strong>Denique</strong></span> <span class='ocrx_word' id='word_1_31' title='bbox 954 672 1018 711; x_wconf 90' lang='lat' dir='ltr'><strong>cum</strong></span> <span class='ocrx_word' id='word_1_32' title='bbox 1042 653 1175 712; x_wconf 82' lang='lat' dir='ltr'><strong>Valerius</strong></span> <span class='ocrx_word' id='word_1_33' title='bbox 1196 653 1272 712; x_wconf 82' lang='lat' dir='ltr'><strong>fabri</strong></span> <span class='ocrx_word' id='word_1_34' title='bbox 1322 624 1325 691; x_wconf 69' lang='grc'><strong>1</strong></span> 
     </span>
     <span class='ocr_line' id='line_1_5' title="bbox 114 750 1272 830; baseline -0.001 -17"><span class='ocrx_word' id='word_1_35' title='bbox 114 775 231 814; x_wconf 89' lang='lat' dir='ltr'><strong>munus</strong></span> <span class='ocrx_word' id='word_1_36' title='bbox 254 753 291 810; x_wconf 91' lang='lat' dir='ltr'><strong>ab</strong></span> <span class='ocrx_word' id='word_1_37' title='bbox 307 753 387 828; x_wconf 91' lang='lat' dir='ltr'><strong>Argo</strong></span> <span class='ocrx_word' id='word_1_38' title='bbox 408 751 519 810; x_wconf 91' lang='lat' dir='ltr'><strong>obitum</strong></span> <span class='ocrx_word' id='word_1_39' title='bbox 542 751 643 810; x_wconf 85' lang='lat' dir='ltr'><strong>eodem</strong></span> <span class='ocrx_word' id='word_1_40' title='bbox 670 751 755 810; x_wconf 89' lang='lat' dir='ltr'><strong>modo</strong></span> <span class='ocrx_word' id='word_1_41' title='bbox 777 753 965 830; x_wconf 79' lang='lat' dir='ltr'><strong>descripserit</strong></span> <span class='ocrx_word' id='word_1_42' title='bbox 980 757 1068 830; x_wconf 89' lang='lat' dir='ltr'><strong>atque</strong></span> <span class='ocrx_word' id='word_1_43' title='bbox 1080 755 1227 814; x_wconf 89' lang='lat' dir='ltr'><strong>Diodorus</strong></span> <span class='ocrx_word' id='word_1_44' title='bbox 1238 750 1272 830; x_wconf 85' lang='lat'><strong>¹),</strong></span> 
     </span>
     <span class='ocr_line' id='line_1_6' title="bbox 115 853 1273 933; baseline 0 -19"><span class='ocrx_word' id='word_1_45' title='bbox 115 857 196 914; x_wconf 87' lang='lat' dir='ltr'><strong>haec</strong></span> <span class='ocrx_word' id='word_1_46' title='bbox 220 856 318 913; x_wconf 91' lang='lat' dir='ltr'><strong>omnia</strong></span> <span class='ocrx_word' id='word_1_47' title='bbox 338 853 374 912; x_wconf 91' lang='lat' dir='ltr'><strong>de</strong></span> <span class='ocrx_word' id='word_1_48' title='bbox 395 853 502 929; x_wconf 86' lang='lat' dir='ltr'><strong>quibus</strong></span> <span class='ocrx_word' id='word_1_49' title='bbox 526 853 613 911; x_wconf 91' lang='lat' dir='ltr'><strong>modo</strong></span> <span class='ocrx_word' id='word_1_50' title='bbox 636 853 787 930; x_wconf 78' lang='lat' dir='ltr'><strong>disputavi</strong></span> <span class='ocrx_word' id='word_1_51' title='bbox 808 874 844 914; x_wconf 89' lang='lat' dir='ltr'><strong>ex</strong></span> <span class='ocrx_word' id='word_1_52' title='bbox 868 854 1009 930; x_wconf 88' lang='lat' dir='ltr'><strong>Dionysio</strong></span> <span class='ocrx_word' id='word_1_53' title='bbox 1032 876 1095 915; x_wconf 88' lang='lat' dir='ltr'><strong>csse</strong></span> <span class='ocrx_word' id='word_1_54' title='bbox 1117 855 1273 933; x_wconf 88' lang='lat' dir='ltr'><strong>desumpta</strong></span> 
     </span>
     <span class='ocr_line' id='line_1_7' title="bbox 116 955 1271 1034; baseline -0.003 -19"><span class='ocrx_word' id='word_1_55' title='bbox 116 977 183 1016; x_wconf 89' lang='lat' dir='ltr'><strong>non</strong></span> <span class='ocrx_word' id='word_1_56' title='bbox 207 960 307 1034; x_wconf 88' lang='lat' dir='ltr'><strong>potest</strong></span> <span class='ocrx_word' id='word_1_57' title='bbox 327 955 391 1013; x_wconf 90' lang='lat' dir='ltr'><strong>fieri</strong></span> <span class='ocrx_word' id='word_1_58' title='bbox 424 955 494 1032; x_wconf 90' lang='lat' dir='ltr'><strong>quin</strong></span> <span class='ocrx_word' id='word_1_59' title='bbox 528 955 740 1014; x_wconf 83' lang='lat' dir='ltr'><strong>existimentur.</strong></span> <span class='ocrx_word' id='word_1_60' title='bbox 784 956 890 1014; x_wconf 86' lang='lat' dir='ltr'><strong>Totum</strong></span> <span class='ocrx_word' id='word_1_61' title='bbox 913 956 987 1014; x_wconf 89' lang='lat' dir='ltr'><strong>enirn</strong></span> <span class='ocrx_word' id='word_1_62' title='bbox 1009 956 1086 1014; x_wconf 91' lang='lat' dir='ltr'><strong>hunc</strong></span> <span class='ocrx_word' id='word_1_63' title='bbox 1106 957 1271 1033; x_wconf 78' lang='lat' dir='ltr'>catalogum</span> 
     </span>
     <span class='ocr_line' id='line_1_8' title="bbox 118 1056 1460 1138; baseline 0 -22"><span class='ocrx_word' id='word_1_64' title='bbox 118 1058 161 1116; x_wconf 87' lang='lat' dir='ltr'><strong>ab</strong></span> <span class='ocrx_word' id='word_1_65' title='bbox 185 1078 245 1117; x_wconf 93' lang='lat' dir='ltr'><strong>uno</strong></span> <span class='ocrx_word' id='word_1_66' title='bbox 269 1056 428 1133; x_wconf 88' lang='lat' dir='ltr'><strong>codemque</strong></span> <span class='ocrx_word' id='word_1_67' title='bbox 450 1060 570 1115; x_wconf 87' lang='lat' dir='ltr'><strong>auctore</strong></span> <span class='ocrx_word' id='word_1_68' title='bbox 591 1059 783 1134; x_wconf 88' lang='lat' dir='ltr'><strong>compositum</strong></span> <span class='ocrx_word' id='word_1_69' title='bbox 806 1078 868 1116; x_wconf 86' lang='lat' dir='ltr'><strong>esse</strong></span> <span class='ocrx_word' id='word_1_70' title='bbox 889 1058 1021 1136; x_wconf 80' lang='lat' dir='ltr'>adparet.</span> <span class='ocrx_word' id='word_1_71' title='bbox 1459 1131 1460 1138; x_wconf 10' lang='grc' dir='ltr'><strong><em>ρ</em></strong></span> 
     </span>
     <span class='ocr_line' id='line_1_9' title="bbox 207 1137 1450 1237; baseline 0.002 -21"><span class='ocrx_word' id='word_1_72' title='bbox 207 1159 327 1216; x_wconf 67' lang='lat' dir='ltr'><strong>simile</strong></span> <span class='ocrx_word' id='word_1_73' title='bbox 349 1163 438 1234; x_wconf 90' lang='lat' dir='ltr'><strong>atque</strong></span> <span class='ocrx_word' id='word_1_74' title='bbox 470 1158 506 1217; x_wconf 91' lang='lat' dir='ltr'><strong>de</strong></span> <span class='ocrx_word' id='word_1_75' title='bbox 528 1157 636 1216; x_wconf 89' lang='lat' dir='ltr'><strong>Valerii</strong></span> <span class='ocrx_word' id='word_1_76' title='bbox 669 1161 805 1230; x_wconf 81' lang='lat' dir='ltr'><strong>carmine,</strong></span> <span class='ocrx_word' id='word_1_77' title='bbox 828 1161 864 1218; x_wconf 92' lang='lat' dir='ltr'><strong>de</strong></span> <span class='ocrx_word' id='word_1_78' title='bbox 886 1163 987 1237; x_wconf 81' lang='lat' dir='ltr'><strong>paucis</strong></span> <span class='ocrx_word' id='word_1_79' title='bbox 1009 1159 1087 1219; x_wconf 84' lang='lat' dir='ltr'><strong>Stati</strong></span> <span class='ocrx_word' id='word_1_80' title='bbox 1108 1157 1273 1219; x_wconf 85' lang='lat' dir='ltr'><strong>Thebaidos</strong></span> <span class='ocrx_word' id='word_1_81' title='bbox 1338 1137 1450 1208; x_wconf 52' lang='lat' dir='ltr'><strong>ss</strong></span> 
     </span>
     <span class='ocr_line' id='line_1_10' title="bbox 119 1259 1274 1338; baseline -0.003 -19"><span class='ocrx_word' id='word_1_82' title='bbox 119 1262 197 1338; x_wconf 76' lang='lat' dir='ltr'><strong>locis</strong></span> <span class='ocrx_word' id='word_1_83' title='bbox 218 1260 357 1338; x_wconf 85' lang='lat' dir='ltr'><strong>iudicium</strong></span> <span class='ocrx_word' id='word_1_84' title='bbox 380 1259 531 1317; x_wconf 86' lang='lat' dir='ltr'><strong>ferendum</strong></span> <span class='ocrx_word' id='word_1_85' title='bbox 554 1279 616 1318; x_wconf 89' lang='lat' dir='ltr'><strong>esse</strong></span> <span class='ocrx_word' id='word_1_86' title='bbox 638 1261 721 1320; x_wconf 95' lang='lat' dir='ltr'><strong>duco.</strong></span> <span class='ocrx_word' id='word_1_87' title='bbox 758 1261 944 1338; x_wconf 89' lang='lat' dir='ltr'><strong>Apollonium</strong></span> <span class='ocrx_word' id='word_1_88' title='bbox 966 1261 1002 1320; x_wconf 89' lang='lat' dir='ltr'><strong>ab</strong></span> <span class='ocrx_word' id='word_1_89' title='bbox 1026 1281 1060 1318; x_wconf 89' lang='lat' dir='ltr'><strong>eo</strong></span> <span class='ocrx_word' id='word_1_90' title='bbox 1082 1261 1189 1318; x_wconf 90' lang='lat' dir='ltr'><strong>lectum</strong></span> <span class='ocrx_word' id='word_1_91' title='bbox 1211 1279 1274 1318; x_wconf 86' lang='lat' dir='ltr'><strong>csso</strong></span> 
     </span>
     <span class='ocr_line' id='line_1_11' title="bbox 94 1343 1273 1438; baseline -0.002 -18"><span class='ocrx_word' id='word_1_92' title='bbox 94 1347 100 1358; x_wconf 37' lang='grc' dir='ltr'>ι</span> <span class='ocrx_word' id='word_1_93' title='bbox 122 1383 151 1422; x_wconf 87' lang='lat' dir='ltr'><strong>c</strong></span> <span class='ocrx_word' id='word_1_94' title='bbox 168 1384 197 1438; x_wconf 91' lang='lat' dir='ltr'><strong>g.</strong></span> <span class='ocrx_word' id='word_1_95' title='bbox 221 1360 314 1420; x_wconf 83' lang='lat' dir='ltr'><strong>Theb.</strong></span> <span class='ocrx_word' id='word_1_96' title='bbox 331 1343 403 1418; x_wconf 59' lang='grc'><strong>151</strong></span> <span class='ocrx_word' id='word_1_97' title='bbox 429 1360 463 1419; x_wconf 89' lang='lat' dir='ltr'><strong>cl.</strong></span> <span class='ocrx_word' id='word_1_98' title='bbox 487 1362 758 1438; x_wconf 84' lang='lat' dir='ltr'><strong>cumApoll.1601</strong></span> <span class='ocrx_word' id='word_1_99' title='bbox 783 1362 956 1421; x_wconf 88' lang='lat' dir='ltr'><strong>documento</strong></span> <span class='ocrx_word' id='word_1_100' title='bbox 978 1368 1035 1421; x_wconf 83' lang='lat' dir='ltr'><strong>est:</strong></span> <span class='ocrx_word' id='word_1_101' title='bbox 1061 1361 1196 1437; x_wconf 86' lang='lat' dir='ltr'><strong>Dionysii</strong></span> <span class='ocrx_word' id='word_1_102' title='bbox 1213 1381 1273 1418; x_wconf 91' lang='lat' dir='ltr'><strong>ma·</strong></span> 
     </span>
     <span class='ocr_line' id='line_1_12' title="bbox 121 1454 1273 1545; baseline 0.002 -25"><span class='ocrx_word' id='word_1_103' title='bbox 121 1465 265 1523; x_wconf 85' lang='lat' dir='ltr'><strong>nifestum</strong></span> <span class='ocrx_word' id='word_1_104' title='bbox 278 1463 434 1538; x_wconf 85' lang='lat' dir='ltr'><strong>vestigium</strong></span> <span class='ocrx_word' id='word_1_105' title='bbox 447 1482 480 1520; x_wconf 90' lang='lat' dir='ltr'><strong>co</strong></span> <span class='ocrx_word' id='word_1_106' title='bbox 496 1462 560 1518; x_wconf 94' lang='lat' dir='ltr'><strong>loco</strong></span> <span class='ocrx_word' id='word_1_107' title='bbox 571 1463 720 1520; x_wconf 87' lang='lat' dir='ltr'><strong>invenitur</strong></span> <span class='ocrx_word' id='word_1_108' title='bbox 730 1463 781 1521; x_wconf 92' lang='lat' dir='ltr'><strong>ubi</strong></span> <span class='ocrx_word' id='word_1_109' title='bbox 794 1463 988 1541; x_wconf 77' lang='lat' dir='ltr'><strong>Amphiaraus</strong></span> <span class='ocrx_word' id='word_1_110' title='bbox 1004 1469 1107 1522; x_wconf 87' lang='lat' dir='ltr'><strong>narrat</strong></span> <span class='ocrx_word' id='word_1_111' title='bbox 1124 1454 1273 1545; x_wconf 81' lang='lat'>[111517]:</span> 
     </span>
     <span class='ocr_line' id='line_1_13' title="bbox 476 1563 1082 1642; baseline 0.007 -24"><span class='ocrx_word' id='word_1_112' title='bbox 476 1563 532 1620; x_wconf 90' lang='lat' dir='ltr'><strong>iam</strong></span> <span class='ocrx_word' id='word_1_113' title='bbox 555 1567 617 1620; x_wconf 87' lang='lat' dir='ltr'><strong>turn</strong></span> <span class='ocrx_word' id='word_1_114' title='bbox 641 1566 735 1641; x_wconf 88' lang='lat' dir='ltr'><strong>prima</strong></span> <span class='ocrx_word' id='word_1_115' title='bbox 757 1585 822 1622; x_wconf 89' lang='lat' dir='ltr'><strong>curn</strong></span> <span class='ocrx_word' id='word_1_116' title='bbox 844 1565 922 1642; x_wconf 89' lang='lat' dir='ltr'><strong>pube</strong></span> <span class='ocrx_word' id='word_1_117' title='bbox 944 1567 1082 1624; x_wconf 86' lang='lat' dir='ltr'><strong>virentem</strong></span> 
     </span>
     <span class='ocr_line' id='line_1_14' title="bbox 277 1663 1090 1744; baseline 0.006 -22"><span class='ocrx_word' id='word_1_118' title='bbox 277 1664 419 1723; x_wconf 89' lang='lat' dir='ltr'><strong>semideos</strong></span> <span class='ocrx_word' id='word_1_119' title='bbox 441 1667 519 1722; x_wconf 88' lang='lat' dir='ltr'><strong>inter</strong></span> <span class='ocrx_word' id='word_1_120' title='bbox 540 1666 628 1742; x_wconf 86' lang='lat' dir='ltr'><strong>pinus</strong></span> <span class='ocrx_word' id='word_1_121' title='bbox 649 1685 695 1723; x_wconf 87' lang='lat' dir='ltr'><strong>me</strong></span> <span class='ocrx_word' id='word_1_122' title='bbox 717 1663 858 1725; x_wconf 86' lang='lat' dir='ltr'><strong>Thessala</strong></span> <span class='ocrx_word' id='word_1_123' title='bbox 881 1686 965 1744; x_wconf 88' lang='lat' dir='ltr'><strong>reges</strong></span> <span class='ocrx_word' id='word_1_124' title='bbox 1042 1682 1044 1688; x_wconf 85' lang='grc'><strong>’</strong></span> <span class='ocrx_word' id='word_1_125' title='bbox 1086 1664 1090 1670; x_wconf 47' lang='grc'><strong>“</strong></span> 
     </span>
     <span class='ocr_line' id='line_1_15' title="bbox 278 1765 1096 1844; baseline 0.001 -20"><span class='ocrx_word' id='word_1_126' title='bbox 278 1766 407 1836; x_wconf 85' lang='lat' dir='ltr'><strong>ducaret,</strong></span> <span class='ocrx_word' id='word_1_127' title='bbox 430 1765 475 1824; x_wconf 90' lang='lat' dir='ltr'><strong>hic</strong></span> <span class='ocrx_word' id='word_1_128' title='bbox 496 1785 579 1825; x_wconf 85' lang='lat' dir='ltr'><strong>casus</strong></span> <span class='ocrx_word' id='word_1_129' title='bbox 601 1772 755 1844; x_wconf 79' lang='lat' dir='ltr'><strong>terraeque</strong></span> <span class='ocrx_word' id='word_1_130' title='bbox 778 1770 923 1844; x_wconf 86' lang='lat' dir='ltr'><strong>marisque</strong></span> <span class='ocrx_word' id='word_1_131' title='bbox 945 1773 1096 1826; x_wconf 85' lang='lat' dir='ltr'><strong>canentem</strong></span> 
     </span>
     <span class='ocr_line' id='line_1_16' title="bbox 278 1868 1036 1954; baseline 0.003 -28"><span class='ocrx_word' id='word_1_132' title='bbox 278 1868 445 1946; x_wconf 87' lang='lat' dir='ltr'><strong>obstipuere</strong></span> <span class='ocrx_word' id='word_1_133' title='bbox 466 1868 554 1954; x_wconf 80' lang='lat' dir='ltr'><strong>duces</strong></span> <span class='ocrx_word' id='word_1_134' title='bbox 574 1889 626 1928; x_wconf 87' lang='lat' dir='ltr'><strong>nec</strong></span> <span class='ocrx_word' id='word_1_135' title='bbox 649 1890 694 1928; x_wconf 89' lang='lat' dir='ltr'><strong>me</strong></span> <span class='ocrx_word' id='word_1_136' title='bbox 716 1875 840 1929; x_wconf 85' lang='lat' dir='ltr'><strong>ventura</strong></span> <span class='ocrx_word' id='word_1_137' title='bbox 863 1871 962 1928; x_wconf 92' lang='lat' dir='ltr'><strong>locuto</strong></span> <span class='ocrx_word' id='word_1_138' title='bbox 1032 1933 1036 1942; x_wconf 58' lang='grc'><strong>,</strong></span> 
     </span>
     <span class='ocr_line' id='line_1_17' title="bbox 278 1969 1119 2052; baseline 0.006 -28"><span class='ocrx_word' id='word_1_139' title='bbox 278 1970 395 2046; x_wconf 88' lang='lat' dir='ltr'><strong>saepius</strong></span> <span class='ocrx_word' id='word_1_140' title='bbox 416 1969 448 2027; x_wconf 90' lang='lat' dir='ltr'><strong>in</strong></span> <span class='ocrx_word' id='word_1_141' title='bbox 471 1969 568 2028; x_wconf 89' lang='lat' dir='ltr'><strong>dubiis</strong></span> <span class='ocrx_word' id='word_1_142' title='bbox 589 1969 832 2028; x_wconf 85' lang='lat' dir='ltr'><strong>audituslasone</strong></span> <span class='ocrx_word' id='word_1_143' title='bbox 855 1971 987 2049; x_wconf 86' lang='lat' dir='ltr'><strong>Mopsus.</strong></span> <span class='ocrx_word' id='word_1_144' title='bbox 1105 2043 1119 2052; x_wconf 80' lang='lat'><em>.</em></span> 
     </span>
     <span class='ocr_line' id='line_1_18' title="bbox 126 2062 1272 2152; baseline -0.001 -24"><span class='ocrx_word' id='word_1_145' title='bbox 126 2071 162 2130; x_wconf 80' lang='lat' dir='ltr'><strong>oi.</strong></span> <span class='ocrx_word' id='word_1_146' title='bbox 186 2091 263 2146; x_wconf 86' lang='lat' dir='ltr'><strong>quac</strong></span> <span class='ocrx_word' id='word_1_147' title='bbox 286 2091 377 2148; x_wconf 86' lang='lat' dir='ltr'><strong>supra</strong></span> <span class='ocrx_word' id='word_1_148' title='bbox 399 2070 435 2129; x_wconf 91' lang='lat' dir='ltr'><strong>de</strong></span> <span class='ocrx_word' id='word_1_149' title='bbox 456 2072 507 2128; x_wconf 92' lang='lat' dir='ltr'><strong>illo</strong></span> <span class='ocrx_word' id='word_1_150' title='bbox 527 2071 680 2148; x_wconf 88' lang='lat' dir='ltr'><strong>disputata</strong></span> <span class='ocrx_word' id='word_1_151' title='bbox 701 2076 769 2131; x_wconf 89' lang='lat' dir='ltr'><strong>suot</strong></span> <span class='ocrx_word' id='word_1_152' title='bbox 791 2062 829 2152; x_wconf 84' lang='lat' dir='ltr'><strong>[p.</strong></span> <span class='ocrx_word' id='word_1_153' title='bbox 844 2062 885 2152; x_wconf 83' lang='lat'><strong>2].</strong></span> <span class='ocrx_word' id='word_1_154' title='bbox 913 2071 1025 2130; x_wconf 87' lang='lat' dir='ltr'><strong>Deinde</strong></span> <span class='ocrx_word' id='word_1_155' title='bbox 1040 2073 1272 2147; x_wconf 84' lang='lat' dir='ltr'><strong>Tyndaridarum</strong></span> 
     </span>
     <span class='ocr_line' id='line_1_19' title="bbox 127 2163 1273 2255; baseline 0.003 -29"><span class='ocrx_word' id='word_1_156' title='bbox 127 2170 261 2230; x_wconf 89' lang='lat' dir='ltr'><strong>habitum</strong></span> <span class='ocrx_word' id='word_1_157' title='bbox 285 2178 314 2230; x_wconf 89' lang='lat' dir='ltr'><strong>et</strong></span> <span class='ocrx_word' id='word_1_158' title='bbox 337 2171 449 2230; x_wconf 87' lang='lat' dir='ltr'><strong>Statius</strong></span> <span class='ocrx_word' id='word_1_159' title='bbox 474 2163 503 2253; x_wconf 84' lang='lat' dir='ltr'><strong>[l.</strong></span> <span class='ocrx_word' id='word_1_160' title='bbox 517 2194 540 2232; x_wconf 89' lang='lat' dir='ltr'><strong>c.</strong></span> <span class='ocrx_word' id='word_1_161' title='bbox 556 2164 662 2254; x_wconf 72' lang='lat' dir='ltr'><strong>vlla]</strong></span> <span class='ocrx_word' id='word_1_162' title='bbox 685 2178 715 2231; x_wconf 93' lang='lat' dir='ltr'><strong>ct</strong></span> <span class='ocrx_word' id='word_1_163' title='bbox 736 2173 873 2250; x_wconf 83' lang='lat' dir='ltr'><strong>Hyginus</strong></span> <span class='ocrx_word' id='word_1_164' title='bbox 897 2164 966 2254; x_wconf 83' lang='lat' dir='ltr'><strong>[fab.</strong></span> <span class='ocrx_word' id='word_1_165' title='bbox 981 2165 1078 2255; x_wconf 85' lang='lat' dir='ltr'><strong>Xllll]</strong></span> <span class='ocrx_word' id='word_1_166' title='bbox 1102 2177 1145 2232; x_wconf 92' lang='lat' dir='ltr'><strong>ita</strong></span> <span class='ocrx_word' id='word_1_167' title='bbox 1166 2174 1273 2232; x_wconf 86' lang='lat' dir='ltr'><strong>descri-</strong></span> 
     </span>
     <span class='ocr_line' id='line_1_20' title="bbox 129 2273 1273 2351; baseline 0 -21"><span class='ocrx_word' id='word_1_168' title='bbox 129 2273 205 2331; x_wconf 88' lang='lat' dir='ltr'><strong>bunt</strong></span> <span class='ocrx_word' id='word_1_169' title='bbox 227 2279 260 2331; x_wconf 91' lang='lat' dir='ltr'><strong>ut</strong></span> <span class='ocrx_word' id='word_1_170' title='bbox 283 2280 403 2351; x_wconf 87' lang='lat' dir='ltr'><strong>practer</strong></span> <span class='ocrx_word' id='word_1_171' title='bbox 426 2274 527 2332; x_wconf 90' lang='lat' dir='ltr'><strong>stellas</strong></span> <span class='ocrx_word' id='word_1_172' title='bbox 557 2273 702 2332; x_wconf 85' lang='lat' dir='ltr'><strong>frontibus</strong></span> <span class='ocrx_word' id='word_1_173' title='bbox 730 2273 836 2333; x_wconf 88' lang='lat' dir='ltr'><strong>infixas</strong></span> <span class='ocrx_word' id='word_1_174' title='bbox 864 2274 1009 2334; x_wconf 87' lang='lat' dir='ltr'><strong>imberbes</strong></span> <span class='ocrx_word' id='word_1_175' title='bbox 1032 2296 1081 2334; x_wconf 90' lang='lat' dir='ltr'><strong>eos</strong></span> <span class='ocrx_word' id='word_1_176' title='bbox 1103 2275 1191 2332; x_wconf 88' lang='lat' dir='ltr'><strong>fuisse</strong></span> <span class='ocrx_word' id='word_1_177' title='bbox 1215 2293 1273 2330; x_wconf 89' lang='lat' dir='ltr'><strong>ma·</strong></span> 
     </span>
     <span class='ocr_line' id='line_1_21' title="bbox 129 2371 1273 2453; baseline -0.002 -21"><span class='ocrx_word' id='word_1_178' title='bbox 129 2377 252 2444; x_wconf 80' lang='lat' dir='ltr'><strong>merent,</strong></span> <span class='ocrx_word' id='word_1_179' title='bbox 283 2395 336 2434; x_wconf 89' lang='lat' dir='ltr'><strong>nec</strong></span> <span class='ocrx_word' id='word_1_180' title='bbox 365 2380 568 2453; x_wconf 86' lang='lat' dir='ltr'><strong>tempestatem</strong></span> <span class='ocrx_word' id='word_1_181' title='bbox 594 2375 831 2452; x_wconf 85' lang='lat' dir='ltr'><strong>Argonautarum</strong></span> <span class='ocrx_word' id='word_1_182' title='bbox 857 2378 887 2434; x_wconf 91' lang='lat' dir='ltr'><strong>in</strong></span> <span class='ocrx_word' id='word_1_183' title='bbox 909 2375 1050 2434; x_wconf 90' lang='lat' dir='ltr'><strong>Lemnum</strong></span> <span class='ocrx_word' id='word_1_184' title='bbox 1075 2374 1198 2432; x_wconf 90' lang='lat' dir='ltr'><strong>insulam</strong></span> <span class='ocrx_word' id='word_1_185' title='bbox 1222 2371 1273 2430; x_wconf 92' lang='lat' dir='ltr'><strong>ad·</strong></span> 
     </span>
     <span class='ocr_line' id='line_1_22' title="bbox 129 2468 1274 2554; baseline 0.003 -22"><span class='ocrx_word' id='word_1_186' title='bbox 129 2479 218 2533; x_wconf 76' lang='lat' dir='ltr'><strong>uentu</strong></span> <span class='ocrx_word' id='word_1_187' title='bbox 243 2481 372 2534; x_wconf 89' lang='lat' dir='ltr'><strong>coortam</strong></span> <span class='ocrx_word' id='word_1_188' title='bbox 393 2496 580 2554; x_wconf 82' lang='lat' dir='ltr'><strong>pugnamque</strong></span> <span class='ocrx_word' id='word_1_189' title='bbox 603 2497 668 2534; x_wconf 91' lang='lat' dir='ltr'><strong>cum</strong></span> <span class='ocrx_word' id='word_1_190' title='bbox 690 2475 860 2535; x_wconf 87' lang='lat' dir='ltr'><strong>mulieribus</strong></span> <span class='ocrx_word' id='word_1_191' title='bbox 870 2475 999 2536; x_wconf 91' lang='lat' dir='ltr'><strong>Lemniis</strong></span> <span class='ocrx_word' id='word_1_192' title='bbox 1022 2477 1201 2535; x_wconf 88' lang='lat' dir='ltr'><strong>commissam</strong></span> <span class='ocrx_word' id='word_1_193' title='bbox 1224 2468 1274 2550; x_wconf 89' lang='lat' dir='ltr'><strong>[cf.</strong></span> 
     </span>
     <span class='ocr_line' id='line_1_23' title="bbox 129 2571 1275 2655; baseline -0.002 -21"><span class='ocrx_word' id='word_1_194' title='bbox 129 2577 148 2634; x_wconf 86' lang='lat' dir='ltr'><strong>l.</strong></span> <span class='ocrx_word' id='word_1_195' title='bbox 170 2596 194 2634; x_wconf 89' lang='lat' dir='ltr'><strong>c.</strong></span> <span class='ocrx_word' id='word_1_196' title='bbox 217 2596 259 2634; x_wconf 89' lang='lat' dir='ltr'><strong>vs.</strong></span> <span class='ocrx_word' id='word_1_197' title='bbox 285 2578 342 2634; x_wconf 82' lang='lat'><strong>360</strong></span> <span class='ocrx_word' id='word_1_198' title='bbox 357 2571 415 2653; x_wconf 89' lang='lat' dir='ltr'><strong>sq.]</strong></span> <span class='ocrx_word' id='word_1_199' title='bbox 446 2598 481 2635; x_wconf 88' lang='lat' dir='ltr'><strong>cx</strong></span> <span class='ocrx_word' id='word_1_200' title='bbox 506 2574 643 2654; x_wconf 83' lang='lat' dir='ltr'><strong>Aeschyli</strong></span> <span class='ocrx_word' id='word_1_201' title='bbox 666 2576 876 2654; x_wconf 89' lang='lat' dir='ltr'><strong>Sophoclisque</strong></span> <span class='ocrx_word' id='word_1_202' title='bbox 907 2579 1068 2655; x_wconf 85' lang='lat' dir='ltr'><strong>tragoediis</strong></span> <span class='ocrx_word' id='word_1_203' title='bbox 1090 2578 1153 2653; x_wconf 87' lang='lat' dir='ltr'><strong>ipse</strong></span> <span class='ocrx_word' id='word_1_204' title='bbox 1176 2593 1275 2650; x_wconf 89' lang='lat' dir='ltr'><strong>sump-</strong></span> 
     </span>
     <span class='ocr_line' id='line_1_24' title="bbox 132 2675 1275 2756; baseline -0.003 -22"><span class='ocrx_word' id='word_1_205' title='bbox 132 2679 202 2736; x_wconf 89' lang='lat' dir='ltr'><strong>sisse</strong></span> <span class='ocrx_word' id='word_1_206' title='bbox 226 2676 409 2754; x_wconf 88' lang='lat' dir='ltr'><strong>probabilius</strong></span> <span class='ocrx_word' id='word_1_207' title='bbox 432 2679 620 2736; x_wconf 87' lang='lat' dir='ltr'><strong>cxistimatur</strong></span> <span class='ocrx_word' id='word_1_208' title='bbox 641 2698 728 2754; x_wconf 90' lang='lat' dir='ltr'><strong>quam</strong></span> <span class='ocrx_word' id='word_1_209' title='bbox 750 2680 931 2754; x_wconf 88' lang='lat' dir='ltr'><strong>argumentis</strong></span> <span class='ocrx_word' id='word_1_210' title='bbox 954 2677 1054 2756; x_wconf 90' lang='lat' dir='ltr'><strong>qualia</strong></span> <span class='ocrx_word' id='word_1_211' title='bbox 1077 2676 1166 2735; x_wconf 88' lang='lat' dir='ltr'><strong>schol.</strong></span> <span class='ocrx_word' id='word_1_212' title='bbox 1188 2675 1275 2732; x_wconf 74' lang='lat'>1769</span> 
     </span>
     <span class='ocr_line' id='line_1_25' title="bbox 130 2777 1275 2855; baseline 0.001 -20"><span class='ocrx_word' id='word_1_213' title='bbox 130 2784 234 2837; x_wconf 84' lang='lat' dir='ltr'><strong>extant</strong></span> <span class='ocrx_word' id='word_1_214' title='bbox 256 2779 394 2855; x_wconf 88' lang='lat' dir='ltr'><strong>perlectis</strong></span> <span class='ocrx_word' id='word_1_215' title='bbox 420 2782 511 2837; x_wconf 86' lang='lat' dir='ltr'><strong>totam</strong></span> <span class='ocrx_word' id='word_1_216' title='bbox 541 2778 660 2837; x_wconf 88' lang='lat' dir='ltr'><strong>fabulae</strong></span> <span class='ocrx_word' id='word_1_217' title='bbox 690 2778 914 2855; x_wconf 88' lang='lat' dir='ltr'><strong>descriptionem</strong></span> <span class='ocrx_word' id='word_1_218' title='bbox 938 2783 968 2837; x_wconf 87' lang='lat' dir='ltr'><strong>ct</strong></span> <span class='ocrx_word' id='word_1_219' title='bbox 989 2798 1035 2837; x_wconf 88' lang='lat' dir='ltr'><strong>res</strong></span> <span class='ocrx_word' id='word_1_220' title='bbox 1057 2778 1219 2853; x_wconf 88' lang='lat' dir='ltr'><strong>singulares</strong></span> <span class='ocrx_word' id='word_1_221' title='bbox 1240 2777 1275 2836; x_wconf 89' lang='lat' dir='ltr'><strong>dc</strong></span> 
     </span>
     <span class='ocr_line' id='line_1_26' title="bbox 129 2880 585 2956; baseline 0.004 -19"><span class='ocrx_word' id='word_1_222' title='bbox 129 2899 182 2938; x_wconf 89' lang='lat' dir='ltr'><strong>suo</strong></span> <span class='ocrx_word' id='word_1_223' title='bbox 202 2883 267 2956; x_wconf 86' lang='lat' dir='ltr'><strong>ipss</strong></span> <span class='ocrx_word' id='word_1_224' title='bbox 289 2881 407 2956; x_wconf 87' lang='lat' dir='ltr'><strong>ingenio</strong></span> <span class='ocrx_word' id='word_1_225' title='bbox 429 2880 585 2939; x_wconf 84' lang='lat' dir='ltr'><strong>effinxisse.</strong></span> 
     </span>
    </p>
   </div>
   <div class='ocr_carea' id='block_1_3' title="bbox 23 3119 1345 4522">
    <p class='ocr_par' dir='ltr' id='par_1_3' title="bbox 233 3119 529 3189">
     <span class='ocr_line' id='line_1_27' title="bbox 233 3119 529 3189; baseline 0.003 -18"><span class='ocrx_word' id='word_1_226' title='bbox 233 3120 258 3189; x_wconf 84' lang='lat'><strong>1)</strong></span> <span class='ocrx_word' id='word_1_227' title='bbox 277 3119 367 3175; x_wconf 85' lang='lat' dir='ltr'><strong>Valcr.</strong></span> <span class='ocrx_word' id='word_1_228' title='bbox 386 3121 529 3188; x_wconf 81' lang='lat' dir='ltr'><strong>1477sq.:</strong></span> 
     </span>
    </p>

    <p class='ocr_par' dir='ltr' id='par_1_4' title="bbox 332 3204 1051 3278">
     <span class='ocr_line' id='line_1_28' title="bbox 332 3204 1051 3278; baseline -0.003 -18"><span class='ocrx_word' id='word_1_229' title='bbox 332 3209 407 3278; x_wconf 89' lang='lat' dir='ltr'><strong>Arge</strong></span> <span class='ocrx_word' id='word_1_230' title='bbox 427 3213 490 3262; x_wconf 88' lang='lat' dir='ltr'><strong>tuae</strong></span> <span class='ocrx_word' id='word_1_231' title='bbox 509 3207 562 3260; x_wconf 88' lang='lat' dir='ltr'><strong>tibi</strong></span> <span class='ocrx_word' id='word_1_232' title='bbox 582 3209 744 3273; x_wconf 82' lang='lat' dir='ltr'><strong>curaretis,</strong></span> <span class='ocrx_word' id='word_1_233' title='bbox 764 3211 792 3260; x_wconf 90' lang='lat' dir='ltr'><strong>to</strong></span> <span class='ocrx_word' id='word_1_234' title='bbox 812 3206 919 3260; x_wconf 86' lang='lat' dir='ltr'><strong>moenie</strong></span> <span class='ocrx_word' id='word_1_235' title='bbox 938 3204 1051 3258; x_wconf 88' lang='lat' dir='ltr'><strong>doctum</strong></span> 
     </span>
    </p>

    <p class='ocr_par' dir='ltr' id='par_1_5' title="bbox 332 3293 1101 3366">
     <span class='ocr_line' id='line_1_29' title="bbox 332 3293 1101 3366; baseline -0.004 -18"><span class='ocrx_word' id='word_1_236' title='bbox 332 3296 452 3366; x_wconf 85' lang='lat' dir='ltr'><strong>Thespia</strong></span> <span class='ocrx_word' id='word_1_237' title='bbox 471 3295 595 3350; x_wconf 89' lang='lat' dir='ltr'><strong>Palladio</strong></span> <span class='ocrx_word' id='word_1_238' title='bbox 614 3295 906 3360; x_wconf 76' lang='lat' dir='ltr'><strong>dantmuncre310rs</strong></span> <span class='ocrx_word' id='word_1_239' title='bbox 925 3293 977 3347; x_wconf 90' lang='lat' dir='ltr'><strong>tibi</strong></span> <span class='ocrx_word' id='word_1_240' title='bbox 996 3311 1030 3348; x_wconf 90' lang='lat' dir='ltr'><strong>ne</strong></span> <span class='ocrx_word' id='word_1_241' title='bbox 1047 3311 1101 3362; x_wconf 88' lang='lat' dir='ltr'><strong>que</strong></span> 
     </span>
    </p>

    <p class='ocr_par' dir='ltr' id='par_1_6' title="bbox 332 3380 1118 3454">
     <span class='ocr_line' id='line_1_30' title="bbox 332 3380 1118 3454; baseline -0.006 -15"><span class='ocrx_word' id='word_1_242' title='bbox 332 3390 412 3454; x_wconf 85' lang='lat' dir='ltr'><strong>parte</strong></span> <span class='ocrx_word' id='word_1_243' title='bbox 431 3385 526 3438; x_wconf 88' lang='lat' dir='ltr'><strong>trahat</strong></span> <span class='ocrx_word' id='word_1_244' title='bbox 545 3385 661 3438; x_wconf 87' lang='lat' dir='ltr'><strong>tacitum</strong></span> <span class='ocrx_word' id='word_1_245' title='bbox 682 3383 782 3453; x_wconf 87' lang='lat' dir='ltr'><strong>puppis</strong></span> <span class='ocrx_word' id='word_1_246' title='bbox 801 3399 876 3437; x_wconf 87' lang='lat' dir='ltr'><strong>marc</strong></span> <span class='ocrx_word' id='word_1_247' title='bbox 894 3380 1012 3450; x_wconf 88' lang='lat' dir='ltr'><strong>fissaque</strong></span> <span class='ocrx_word' id='word_1_248' title='bbox 1031 3381 1118 3435; x_wconf 86' lang='lat' dir='ltr'><strong>fluctu</strong></span> 
     </span>
    </p>

    <p class='ocr_par' dir='ltr' id='par_1_7' title="bbox 132 3472 1345 3812">
     <span class='ocr_line' id='line_1_31' title="bbox 331 3472 1006 3543; baseline -0.006 -17"><span class='ocrx_word' id='word_1_249' title='bbox 331 3474 373 3526; x_wconf 89' lang='lat' dir='ltr'><strong>vel</strong></span> <span class='ocrx_word' id='word_1_250' title='bbox 392 3475 453 3543; x_wconf 88' lang='lat' dir='ltr'><strong>pice</strong></span> <span class='ocrx_word' id='word_1_251' title='bbox 473 3473 516 3527; x_wconf 88' lang='lat' dir='ltr'><strong>vel</strong></span> <span class='ocrx_word' id='word_1_252' title='bbox 535 3472 612 3534; x_wconf 87' lang='lat' dir='ltr'><strong>molli</strong></span> <span class='ocrx_word' id='word_1_253' title='bbox 632 3472 787 3527; x_wconf 88' lang='lat' dir='ltr'><strong>conducere</strong></span> <span class='ocrx_word' id='word_1_254' title='bbox 806 3472 919 3525; x_wconf 86' lang='lat' dir='ltr'><strong>volnera</strong></span> <span class='ocrx_word' id='word_1_255' title='bbox 935 3487 1006 3524; x_wconf 88' lang='lat' dir='ltr'><strong>ocra.</strong></span> 
     </span>
     <span class='ocr_line' id='line_1_32' title="bbox 133 3551 1345 3633; baseline -0.008 -17"><span class='ocrx_word' id='word_1_256' title='bbox 133 3563 246 3618; x_wconf 88' lang='lat' dir='ltr'><strong>Diodor.</strong></span> <span class='ocrx_word' id='word_1_257' title='bbox 267 3563 283 3617; x_wconf 88' lang='grc' dir='ltr'><strong>Ι.</strong></span> <span class='ocrx_word' id='word_1_258' title='bbox 294 3580 317 3618; x_wconf 84' lang='lat' dir='ltr'><strong>c.</strong></span> <span class='ocrx_word' id='word_1_259' title='bbox 330 3581 353 3617; x_wconf 84' lang='lat' dir='ltr'><strong>c.</strong></span> <span class='ocrx_word' id='word_1_260' title='bbox 366 3566 437 3631; x_wconf 85' lang='lat'>41‚3</span> <span class='ocrx_word' id='word_1_261' title='bbox 452 3557 550 3632; x_wconf 79' lang='grc' dir='ltr'><strong><em>’Άργοα</em></strong></span> <span class='ocrx_word' id='word_1_262' title='bbox 566 3603 572 3615; x_wconf 94' lang='grc'><strong>.</strong></span> <span class='ocrx_word' id='word_1_263' title='bbox 587 3602 610 3615; x_wconf 93' lang='grc'><strong>..</strong></span> <span class='ocrx_word' id='word_1_264' title='bbox 626 3603 631 3614; x_wconf 95' lang='grc'>.</span> <span class='ocrx_word' id='word_1_265' title='bbox 652 3554 876 3633; x_wconf 77' lang='grc' dir='ltr'><em>συμπλεύσαντος</em></span> <span class='ocrx_word' id='word_1_266' title='bbox 896 3558 975 3613; x_wconf 75' lang='grc' dir='ltr'><strong><em>ἕνεκα</em></strong></span> <span class='ocrx_word' id='word_1_267' title='bbox 994 3559 1041 3611; x_wconf 84' lang='grc' dir='ltr'><strong>τοῦ</strong></span> <span class='ocrx_word' id='word_1_268' title='bbox 1059 3551 1222 3627; x_wconf 73' lang='grc' dir='ltr'><strong><em>θερααεὺειν</em></strong></span> <span class='ocrx_word' id='word_1_269' title='bbox 1235 3553 1278 3608; x_wconf 77' lang='grc' dir='ltr'><strong>ἀεὶ</strong></span> <span class='ocrx_word' id='word_1_270' title='bbox 1341 3617 1345 3620; x_wconf 14' lang='grc' dir='ltr'>ξ</span> 
     </span>
     <span class='ocr_line' id='line_1_33' title="bbox 132 3645 1278 3724; baseline -0.007 -19"><span class='ocrx_word' id='word_1_271' title='bbox 132 3649 163 3705; x_wconf 80' lang='grc' dir='ltr'><strong>τὰ</strong></span> <span class='ocrx_word' id='word_1_272' title='bbox 181 3652 319 3706; x_wconf 75' lang='grc' dir='ltr'><strong>πονοῦντα</strong></span> <span class='ocrx_word' id='word_1_273' title='bbox 343 3658 414 3724; x_wconf 82' lang='grc' dir='ltr'><strong><em>με’ρρ</em></strong></span> <span class='ocrx_word' id='word_1_274' title='bbox 438 3653 484 3717; x_wconf 83' lang='grc' dir='ltr'><strong>τῆς</strong></span> <span class='ocrx_word' id='word_1_275' title='bbox 501 3645 607 3709; x_wconf 85' lang='grc' dir='ltr'><strong><em>νεώς..</em></strong></span> <span class='ocrx_word' id='word_1_276' title='bbox 627 3649 756 3704; x_wconf 82' lang='lat' dir='ltr'><strong>Cetcrum</strong></span> <span class='ocrx_word' id='word_1_277' title='bbox 775 3647 970 3717; x_wconf 86' lang='lat' dir='ltr'><strong>Thespiensem</strong></span> <span class='ocrx_word' id='word_1_278' title='bbox 989 3665 1054 3702; x_wconf 93' lang='lat' dir='ltr'><strong>cum</strong></span> <span class='ocrx_word' id='word_1_279' title='bbox 1071 3645 1144 3700; x_wconf 86' lang='lat' dir='ltr'><strong>dixit</strong></span> <span class='ocrx_word' id='word_1_280' title='bbox 1151 3645 1278 3700; x_wconf 87' lang='lat' dir='ltr'><strong>Valerius</strong></span> 
     </span>
     <span class='ocr_line' id='line_1_34' title="bbox 133 3735 1083 3812; baseline -0.006 -18"><span class='ocrx_word' id='word_1_281' title='bbox 133 3743 247 3812; x_wconf 84' lang='lat' dir='ltr'><strong>Argum,</strong></span> <span class='ocrx_word' id='word_1_282' title='bbox 267 3746 316 3795; x_wconf 89' lang='lat' dir='ltr'><strong>aut</strong></span> <span class='ocrx_word' id='word_1_283' title='bbox 334 3740 426 3794; x_wconf 86' lang='lat' dir='ltr'><strong>obiter</strong></span> <span class='ocrx_word' id='word_1_284' title='bbox 444 3741 513 3809; x_wconf 84' lang='lat' dir='ltr'><strong>legit</strong></span> <span class='ocrx_word' id='word_1_285' title='bbox 531 3744 580 3792; x_wconf 90' lang='lat' dir='ltr'><strong>aut</strong></span> <span class='ocrx_word' id='word_1_286' title='bbox 597 3738 724 3794; x_wconf 86' lang='lat' dir='ltr'><strong>consulto</strong></span> <span class='ocrx_word' id='word_1_287' title='bbox 744 3736 863 3790; x_wconf 81' lang='lat' dir='ltr'><strong>nrntavit</strong></span> <span class='ocrx_word' id='word_1_288' title='bbox 881 3736 972 3804; x_wconf 89' lang='lat' dir='ltr'><strong>Apoll.</strong></span> <span class='ocrx_word' id='word_1_289' title='bbox 991 3735 1083 3789; x_wconf 86' lang='lat'>1105:</span> 
     </span>
    </p>

    <p class='ocr_par' dir='ltr' id='par_1_8' title="bbox 335 3817 995 3899">
     <span class='ocr_line' id='line_1_35' title="bbox 335 3817 995 3899; baseline -0.005 -19"><span class='ocrx_word' id='word_1_290' title='bbox 335 3834 424 3899; x_wconf 82' lang='grc' dir='ltr'><strong><em>Τῖφυς</em></strong></span> <span class='ocrx_word' id='word_1_291' title='bbox 444 3829 469 3880; x_wconf 88' lang='grc' dir='ltr'><strong>δ’</strong></span> <span class='ocrx_word' id='word_1_292' title='bbox 481 3820 623 3897; x_wconf 72' lang='grc' dir='ltr'><strong><em>Ἁγνιάδης</em></strong></span> <span class='ocrx_word' id='word_1_293' title='bbox 640 3827 753 3897; x_wconf 78' lang='grc' dir='ltr'><strong><em>Σιφαέα</em></strong></span> <span class='ocrx_word' id='word_1_294' title='bbox 772 3817 884 3876; x_wconf 77' lang='grc' dir='ltr'><em>κάλλιπε</em></span> <span class='ocrx_word' id='word_1_295' title='bbox 904 3824 995 3895; x_wconf 80' lang='grc' dir='ltr'><strong><em>δῆμον</em></strong></span> 
     </span>
    </p>

    <p class='ocr_par' dir='ltr' id='par_1_9' title="bbox 331 3909 1031 3986">
     <span class='ocr_line' id='line_1_36' title="bbox 331 3909 1031 3986; baseline -0.007 -19"><span class='ocrx_word' id='word_1_296' title='bbox 331 3919 484 3969; x_wconf 74' lang='grc' dir='ltr'><em>Θεσπιέων·</em></span> <span class='ocrx_word' id='word_1_297' title='bbox 505 3912 606 3974; x_wconf 71' lang='grc' dir='ltr'><strong>ἐσθλὸς</strong></span> <span class='ocrx_word' id='word_1_298' title='bbox 622 3914 677 3986; x_wconf 78' lang='grc' dir='ltr'><strong>μὲν</strong></span> <span class='ocrx_word' id='word_1_299' title='bbox 696 3909 861 3985; x_wconf 75' lang='grc' dir='ltr'><strong><em>ὀρινόμενον</em></strong></span> <span class='ocrx_word' id='word_1_300' title='bbox 879 3912 1031 3983; x_wconf 76' lang='grc' dir='ltr'><strong><em>προδαῆναι</em></strong></span> 
     </span>
    </p>

    <p class='ocr_par' dir='ltr' id='par_1_10' title="bbox 331 4001 810 4075">
     <span class='ocr_line' id='line_1_37' title="bbox 331 4001 810 4075; baseline 0 -19"><span class='ocrx_word' id='word_1_301' title='bbox 331 4005 394 4075; x_wconf 82' lang='grc' dir='ltr'><strong><em>κῦμ’</em></strong></span> <span class='ocrx_word' id='word_1_302' title='bbox 414 4003 479 4063; x_wconf 81' lang='grc' dir='ltr'><strong>ἁλὸς</strong></span> <span class='ocrx_word' id='word_1_303' title='bbox 495 4001 596 4074; x_wconf 79' lang='grc' dir='ltr'><em>εὐρείης</em></span> <span class='ocrx_word' id='word_1_304' title='bbox 615 4042 810 4058; x_wconf 85' lang='grc'><strong>........</strong></span> 
     </span>
    </p>

    <p class='ocr_par' dir='ltr' id='par_1_11' title="bbox 261 4085 930 4164">
     <span class='ocr_line' id='line_1_38' title="bbox 261 4085 930 4164; baseline -0.001 -19"><span class='ocrx_word' id='word_1_305' title='bbox 261 4093 311 4146; x_wconf 87' lang='grc'><strong>109</strong></span> <span class='ocrx_word' id='word_1_306' title='bbox 330 4086 395 4160; x_wconf 79' lang='grc' dir='ltr'><strong><em>αὐτή</em></strong></span> <span class='ocrx_word' id='word_1_307' title='bbox 413 4111 463 4164; x_wconf 87' lang='grc' dir='ltr'><strong>μιν</strong></span> <span class='ocrx_word' id='word_1_308' title='bbox 485 4097 613 4162; x_wconf 78' lang='grc' dir='ltr'><strong><em>Τριτωνὶς</em></strong></span> <span class='ocrx_word' id='word_1_309' title='bbox 631 4086 767 4162; x_wconf 73' lang='grc' dir='ltr'><strong><em>ἀριστήων</em></strong></span> <span class='ocrx_word' id='word_1_310' title='bbox 786 4085 814 4150; x_wconf 68' lang='grc' dir='ltr'><strong>ἐς</strong></span> <span class='ocrx_word' id='word_1_311' title='bbox 832 4086 930 4161; x_wconf 82' lang='grc' dir='ltr'><strong><em>ὅμιλον</em></strong></span> 
     </span>
    </p>

    <p class='ocr_par' dir='ltr' id='par_1_12' title="bbox 332 4173 1049 4253">
     <span class='ocr_line' id='line_1_39' title="bbox 332 4173 1049 4253; baseline -0.003 -20"><span class='ocrx_word' id='word_1_312' title='bbox 332 4174 420 4248; x_wconf 82' lang='grc' dir='ltr'><strong><em>ὦρσεν</em></strong></span> <span class='ocrx_word' id='word_1_313' title='bbox 429 4179 572 4247; x_wconf 69' lang='grc' dir='ltr'><strong><em>Ἀθηναίη·</em></strong></span> <span class='ocrx_word' id='word_1_314' title='bbox 593 4177 663 4253; x_wconf 78' lang='grc' dir='ltr'><strong><em>μετὰ</em></strong></span> <span class='ocrx_word' id='word_1_315' title='bbox 683 4182 708 4233; x_wconf 78' lang='grc' dir='ltr'><strong>δ’</strong></span> <span class='ocrx_word' id='word_1_316' title='bbox 730 4173 829 4246; x_wconf 67' lang='grc' dir='ltr'><strong>’ήλυθεν</strong></span> <span class='ocrx_word' id='word_1_317' title='bbox 847 4178 1049 4250; x_wconf 72' lang='grc' dir='ltr'><strong><em>ἐλδομένοισιν·</em></strong></span> 
     </span>
    </p>

    <p class='ocr_par' dir='ltr' id='par_1_13' title="bbox 331 4260 1068 4340">
     <span class='ocr_line' id='line_1_40' title="bbox 331 4260 1068 4340; baseline -0.003 -20"><span class='ocrx_word' id='word_1_318' title='bbox 331 4264 397 4335; x_wconf 74' lang='grc' dir='ltr'><strong><em>αὐτὴ</em></strong></span> <span class='ocrx_word' id='word_1_319' title='bbox 413 4267 467 4340; x_wconf 77' lang='grc' dir='ltr'><strong>γὰρ</strong></span> <span class='ocrx_word' id='word_1_320' title='bbox 488 4273 533 4322; x_wconf 86' lang='grc' dir='ltr'><strong>καὶ</strong></span> <span class='ocrx_word' id='word_1_321' title='bbox 552 4271 601 4334; x_wconf 77' lang='grc' dir='ltr'><strong>νῆα</strong></span> <span class='ocrx_word' id='word_1_322' title='bbox 621 4265 692 4335; x_wconf 73' lang='grc' dir='ltr'><strong><em>θοὴν</em></strong></span> <span class='ocrx_word' id='word_1_323' title='bbox 709 4263 794 4338; x_wconf 81' lang='grc' dir='ltr'><strong><em>κάμε·</em></strong></span> <span class='ocrx_word' id='word_1_324' title='bbox 815 4264 867 4320; x_wconf 78' lang='grc' dir='ltr'><strong>σὺν</strong></span> <span class='ocrx_word' id='word_1_325' title='bbox 886 4267 920 4320; x_wconf 78' lang='grc' dir='ltr'><strong>δέ</strong></span> <span class='ocrx_word' id='word_1_326' title='bbox 937 4260 1068 4336; x_wconf 68' lang='grc' dir='ltr'><strong>οἱλλργος</strong></span> 
     </span>
    </p>

    <p class='ocr_par' dir='ltr' id='par_1_14' title="bbox 330 4349 1002 4427">
     <span class='ocr_line' id='line_1_41' title="bbox 330 4349 1002 4427; baseline -0.003 -18"><span class='ocrx_word' id='word_1_327' title='bbox 330 4358 419 4417; x_wconf 82' lang='grc' dir='ltr'><strong><em>τεῦξεν</em></strong></span> <span class='ocrx_word' id='word_1_328' title='bbox 436 4354 624 4427; x_wconf 78' lang='grc' dir='ltr'><strong><em>Ἀρεστορίδης</em></strong></span> <span class='ocrx_word' id='word_1_329' title='bbox 642 4360 729 4423; x_wconf 84' lang='grc' dir='ltr'><strong><em>κείνης</em></strong></span> <span class='ocrx_word' id='word_1_330' title='bbox 748 4349 1002 4427; x_wconf 71' lang='grc' dir='ltr'><strong><em>ὑποθημοσύνῃσιν.</em></strong></span> 
     </span>
    </p>

    <p class='ocr_par' dir='ltr' id='par_1_15' title="bbox 23 4446 417 4522">
     <span class='ocr_line' id='line_1_42' title="bbox 23 4446 417 4522; baseline -0.013 -17"><span class='ocrx_word' id='word_1_331' title='bbox 23 4479 27 4488; x_wconf 88' lang='grc'><em>·</em></span> <span class='ocrx_word' id='word_1_332' title='bbox 132 4449 165 4504; x_wconf 86' lang='lat' dir='ltr'><strong>ct&#39;.</strong></span> <span class='ocrx_word' id='word_1_333' title='bbox 188 4446 417 4522; x_wconf 73' lang='lat' dir='ltr'><strong>Valer.192sp.</strong></span> 
     </span>
    </p>
   </div>
   <div class='ocr_carea' id='block_1_4' title="bbox 0 0 1516 4786">
    <p class='ocr_par' dir='ltr' id='par_1_16' title="bbox 0 0 1516 4786">
     <span class='ocr_line' id='line_1_43' title="bbox 0 0 1516 4786; baseline 0 0"><span class='ocrx_word' id='word_1_334' title='bbox 0 0 1516 4786; x_wconf 95' lang='lat' dir='ltr'><strong> </strong></span> 
     </span>
    </p>
   </div>
  </div>
 </body>
</html>
