2958 4786
747 269 782 321 24

191 449 328 508 habuisse
350 447 479 521 additur,
511 449 572 506 veri
602 445 695 505 multo
714 446 837 504 similius
860 446 977 506 videtur
993 447 1158 506 fabularum
1181 467 1258 524 quae
1280 448 1345 523 lly-

189 551 253 628 gini
271 551 406 609 feruntur
428 555 580 608 auctorem
593 567 651 606 uon
664 554 699 607 ut
711 546 932 625 Apollodorum,
954 548 1049 626 ipsum
1071 566 1187 606 carmen
1206 549 1344 622 manibus

192 653 319 723 trivisse,
342 651 392 710 sed
414 653 589 726 argumenta
619 669 684 708 cum
717 647 835 708 scholiis
863 649 1020 707 commixta
1042 649 1223 726 compilasse,
1246 669 1345 726 pauca

193 753 276 830 qnasi
308 753 486 811 narrationis
516 751 627 808 lumina
658 754 748 826 atque
781 753 951 808 ornamenta
975 749 1011 808 de
1033 770 1086 809 suo
1107 750 1200 828 ipsius
1223 753 1343 828 ingenio

193 852 388 913 admiscuisse.
430 853 463 910 ln
485 853 693 911 commentario
714 851 809 926 igitur
832 851 884 910 illo
908 852 1090 911 restituendo
1111 856 1147 910 ut
1167 851 1273 910 harum
1299 853 1343 912 fa-

191 953 326 1013 bularum
358 954 527 1017 testimonia
559 952 675 1012 minime
697 952 861 1030 spernenda
883 957 962 1025 sunt,
993 953 1035 1012 ita
1056 973 1094 1012 ne
1114 953 1203 1012 nimia
1223 955 1265 1014 eis
1286 953 1341 1012 tri·

193 1054 304 1115 buetur
325 1055 497 1126 auctoritas,
519 1053 679 1114 cavebitur.
963 1129 968 1147 ι

293 1155 418 1216 Carmen
439 1175 497 1233 quo
522 1154 656 1233 Orpheus
678 1176 725 1215 res
748 1157 778 1214 in
799 1157 986 1233 expeditione
1006 1162 1106 1232 gestas
1127 1176 1250 1216 narrans
1273 1177 1344 1235 pro·

192 1261 321 1338 ponitur,
356 1278 415 1337 quo
447 1261 582 1336 tempore
596 1249 748 1333 antiquae
770 1257 920 1316 doctrinae
942 1260 1080 1319 memoria
1109 1261 1203 1337 magis
1235 1260 1345 1336 magis-

194 1381 250 1439 que
283 1363 469 1420 evanesceret
492 1361 643 1434 omnisque
668 1358 817 1418 laberetur
837 1359 989 1419 literarum
1013 1361 1143 1432 scicntia,
1165 1361 1204 1420 ab
1225 1360 1345 1421 homine

195 1461 313 1522 indocto
335 1463 527 1538 compositum
544 1480 606 1518 esse
627 1459 715 1517 hodie
728 1459 808 1536 apud
822 1480 921 1520 omncs
944 1466 1060 1520 constet
1074 1454 1107 1539 ¹).
1136 1462 1220 1534 Quod
1230 1462 1345 1539 Orphei

194 1564 251 1623 arti
275 1568 305 1622 et
327 1562 488 1640 sapientiae
511 1579 711 1638 quaecumque
736 1562 918 1637 Argonautis
948 1563 1072 1622 feliciter
1099 1567 1189 1640 atquc
1215 1562 1346 1638 gloriose

194 1667 353 1737 cesserunt,
375 1662 570 1748 vindicantur,
591 1661 733 1722 sacrificiu
755 1664 793 1721 ab
814 1683 848 1723 eo
875 1665 1013 1724 instituta
1044 1665 1211 1740 longissime
1235 1665 1346 1724 descri-

195 1767 314 1842 buntur,
337 1784 385 1823 res
408 1764 525 1823 aliunde
548 1769 696 1822 notae-
719 1762 905 1824 Lemniorum
927 1765 1030 1840 scelus,
1064 1765 1174 1824 Iasonis
1196 1767 1345 1837 fortunae,

197 1867 316 1925 Medeae
336 1866 408 1943 fuga
428 1871 458 1924 ct
479 1859 648 1940 facinora2)
671 1895 706 1907 -
724 1865 819 1926 obiter
842 1871 1114 1944 commemorentur,
1137 1866 1208 1926 haec
1229 1867 1266 1927 de
1288 1887 1346 1926 suo

195 1969 314 2044 ingenio
345 1972 449 2026 auctor
478 1968 598 2043 invenit,
632 1972 730 2026 cetera
753 1967 910 2046 Apollonio
941 1967 1029 2027 debet
1050 1967 1201 2046 pleraque.
1244 1968 1347 2028 Pauca

196 2069 329 2146 exempla
350 2069 538 2146 exscripsisse
560 2069 633 2127 satis
654 2068 762 2128 habeo:

309 2192 400 2272 Orph.
418 2195 489 2272 Arg.
506 2196 566 2253 283
581 2215 624 2271 sq.
958 2195 1057 2273 Apoll.
1080 2195 1178 2256 1338.

195 2289 311 2356 κε’κλυιὲ
337 2314 394 2369 μευ
421 2295 557 2371 βασιλῆες
584 2290 743 2371 ἀμύμονες·
795 2290 914 2355 ιοόνειια
936 2299 987 2355 νῦν
1008 2291 1058 2354 τὸν
1078 2291 1193 2374 ἄριστον
1220 2294 1346 2376 ἀφειδή-

474 2390 509 2453 οό
529 2390 584 2472 γὰρ
605 2387 703 2472 ἔμοιγε
1080 2416 1178 2470 σαντες
1198 2394 1301 2459 ἕλεσθε

196 2489 312 2555 ἁνδάνει
343 2492 376 2554 ἐν
407 2490 595 2571 πραπίδεσσιν
621 2490 745 2573 doctori·
797 2492 927 2575 ὄρχαμον
950 2491 1061 2575 ἡμείων
1082 2481 1109 2584 ᾧ
1127 2518 1176 2558 κεν
1188 2495 1222 2557 τὰ
1236 2495 1345 2560 ἕκαστα

390 2663 392 2668 ¹
447 2616 538 2674 ροισιν
559 2593 701 2656 ἀνάσσειν.
1182 2595 1301 2677 μέλοιτο

196 2691 277 2774 ἰμεῖς
298 2695 325 2755 δ’
348 2685 442 2756 όντινό
466 2691 494 2754 οῖ
516 2693 619 2776 κραδίη
648 2693 745 2776 θυμός
797 2696 889 2760 νείκεα
909 2697 1065 2772 συνθεσίας
1085 2721 1114 2760 ιε
1133 2697 1207 2778 μετὰ
1229 2697 1346 2773 ξείνοισι

523 2819 552 2858 τε
570 2803 700 2882 μενοινᾷ,
1085 2796 1299 2879 βαλέσθαι...

197 2893 329 2976 ἡγεμόνα
357 2893 507 2976 στήσασθε
540 2897 590 2957 καὶ
627 2882 653 2984 ᾦ
678 2894 743 2978 πέμ
1198 2889 1201 2894 ’

469 2995 561 3058 πάντα
581 2989 701 3077 μελήσει

196 3096 345 3182 οημαιξνειν
369 3093 429 3158 ότι
451 3094 479 3157 οἱ
500 3094 574 3180 ῥέξει
601 3094 670 3172 ἔπος
693 3097 747 3179 ἡδὲ

540 3200 589 3260 καὶ
610 3193 705 3280 ἔργον,

199 3294 303 3358 πόντον
317 3289 511 3359 ε’πιπλιόουσιν
525 3286 709 3380 οἷηιξομένοις
722 3300 745 3361 τ’

547 3399 597 3460 ε’πλ
618 3404 706 3480 γαῖαν

193 3491 251 3558 εἴτε
274 3497 324 3556 καλ
343 3495 373 3570 ἐς
386 3494 520 3576 Κόλχους
542 3493 606 3579 ἢὲς
619 3499 746 3561 ἄλλσόα-
852 3527 857 3535 ·

426 3595 498 3672 ποὺς
517 3583 699 3681 ἀνθρώπους.

190 3850 279 3924 Ἦραν
299 3856 368 3926 γραῒ
380 3853 571 3928 ὁμοιωθεῖσαν
585 3859 757 3929 βουλομένην
776 3857 832 3928 μὲν
851 3855 1025 3930 dioscoriam,
1049 3864 1229 3932 φοβουμένην
1247 3861 1278 3915 θλ
1298 3865 1345 3914 καὶ

197 3937 324 3998 ἐστῶσόν
341 3961 428 4015 φησιν
447 3941 483 4002 ὠς
500 3947 596 4015 γραῦν.
617 3946 673 3999 εἶτα
686 3948 764 3999 τοῦτο
777 3943 858 4016 γνοὺς
876 3947 891 4001 ὁ
908 3942 1005 4002 Ἰάσων
1023 3946 1114 4016 λαβὼν
1127 3949 1174 4002 ἐπὶ
1186 3951 1240 4004 τῶν
1258 3942 1345 4021 ιόμων

198 4025 324 4102 διασῴζει
343 4031 411 4086 κατὰ
428 4038 519 4105 μέσον
536 4037 583 4089 τοῦ
595 4037 722 4108 ποταμοῦ
740 4033 771 4090 cd
792 4036 823 4092 ἓν
835 4038 950 4092 πέδιλον
963 4034 1121 4092 καταλιπὼν
1134 4039 1181 4091 ἐπὶ
1196 4040 1244 4092 τοῦ
1255 4041 1346 4107 πηλοῦ

198 4122 229 4173 et
246 4119 351 4190 Hygini
370 4122 466 4177 verba:
486 4121 529 4177 ‘eu
547 4127 641 4178 autem
659 4125 732 4179 irate
751 4124 843 4180 Peliae
860 4125 934 4195 quod
953 4125 1006 4179 sibi
1026 4143 1133 4180 sacrum
1152 4127 1345 4185 intermiserat

197 4205 295 4274 facere,
313 4207 405 4263 effecit
422 4211 545 4266 utIason
563 4229 645 4266 unam
664 4214 806 4282 crepidam
824 4213 852 4267 in
870 4214 937 4269 limo
955 4211 1142 4283 relinqueret?

298 4297 323 4367 1)
342 4295 457 4352 Praeter
484 4300 705 4370 disputationem
722 4302 875 4357 Hermanni
893 4302 929 4358 cf.
960 4320 1030 4373 quos
1053 4302 1156 4359 adtulit
1181 4304 1212 4360 0.
1232 4305 1344 4376 Miiller,

198 4382 386 4440 Orchomenos
405 4404 432 4456 p.
444 4387 518 4444 291².

296 4475 324 4543 2)
343 4474 384 4531 cf.
403 4477 457 4530 478
470 4493 510 4546 sq.
529 4479 580 4532 861
592 4494 632 4547 ιη.
