2958 4786
717 276 751 330 23

136 461 285 532 utroque
312 452 477 532 exscriptus
496 451 641 530 proditur.
685 452 784 510 Addas
806 451 865 514 fab.
888 452 958 512 XVI
980 452 1075 530 Cyzici
1096 443 1164 514 tiliis
1186 476 1306 534 regnum

136 557 189 615 ab
218 559 321 618 Iasone
348 557 449 615 datum
473 575 536 614 esse
561 556 677 614 narrari
701 574 796 631 neque
818 555 923 630 Cynico
954 557 1120 633 progeniem
1144 557 1233 617 fuisse
1253 561 1308 619 nisi

137 657 250 717 schol.
274 655 379 717 [1063
395 658 548 716 memoriae
569 655 656 716 trudi.
679 657 789 728 Quodsi
810 658 840 714 in
856 655 900 714 his
922 655 1028 716 sabulis
1052 658 1191 717 nonnulla
1213 660 1307 718 minus

139 766 229 838 apte
250 758 329 819 dicta
351 761 398 819 vel
425 741 561 837 exposita
587 760 788 834 inveniuntur,
813 758 902 818 verba
928 759 987 818 tab.
1008 757 1090 818 Xll:.
1105 751 1151 819 ‘ut
1172 759 1308 838 Neptuno

140 882 273 922 sacrum
295 857 410 921 facoret’
436 861 482 922 vel
503 860 563 919 feb.
587 861 672 919 XXII
694 854 736 919 ‘et
757 881 788 918 se
807 866 908 920 mutuo
929 857 1113 920 interficeret
1148 862 1222 920 falso
1243 863 1308 920 loco

142 963 340 1041 interpolata
371 969 451 1039 sunt,
485 962 542 1021 fab.
576 963 644 1020 XVI
666 959 786 1038 Cyzicus
814 943 921 1022 Eusori
948 961 1035 1036 filius,
1069 983 1133 1030 non,
1147 983 1236 1040 nepos
1260 954 1306 1045 [cf.

144 1065 256 1142 Apoll.
277 1064 290 1123 l
313 1054 384 1144 949]
409 1064 527 1137 dieitur,
557 1083 662 1124 nomen
684 1064 796 1122 insulae
818 1063 891 1122 Diae
913 1063 1050 1123 stabula
1072 1064 1142 1122 XXI
1164 1083 1182 1122 a
1203 1065 1307 1122 ceteris

144 1186 281 1244 prorsus
293 1166 389 1226 aliena
399 1169 429 1224 in
441 1164 678 1243 Stymphalidum
698 1165 825 1224 fabulam
840 1155 918 1246 [XX]
930 1167 1116 1238 transfertur,
1131 1165 1189 1225 fab.
1209 1164 1306 1224 XVIII

144 1271 185 1326 in
211 1267 308 1344 Cyzici
329 1267 426 1326 insula
454 1266 643 1344 Propontidis
667 1257 714 1348 [cf.
738 1266 796 1326 fab.
818 1261 900 1342 XVI]
922 1265 1032 1342 Ly'oum
1048 1287 1166 1345 quoque
1183 1287 1306 1344 regnum

146 1368 320 1428 obtinuisse
326 1373 467 1427 narratur
476 1389 571 1445 neque
578 1372 657 1428 recte
669 1374 732 1426 tota
740 1366 839 1426 fabula
851 1374 920 1426 ante
928 1365 1030 1426 Phinei
1041 1388 1088 1426 res
1100 1365 1171 1440 [fab.
1181 1366 1305 1445 XVIIII]

147 1469 279 1546 ponitur
304 1468 426 1528 —haec
449 1470 545 1528 omnia
566 1469 766 1546 compilatoris
778 1468 979 1545 neglegentiae
1001 1471 1063 1527 sine
1081 1469 1142 1528 ullo
1166 1469 1304 1548 scrupulo

150 1569 325 1628 adtribuas
344 1589 438 1647 neque
465 1569 545 1628 illum
569 1571 707 1630 Curetum
731 1572 818 1628 moris
840 1571 1003 1627 meminisse
1025 1571 1069 1628 vel
1091 1570 1230 1628 lunonem
1254 1569 1304 1629 ho·

147 1673 267 1730 minum
290 1677 400 1731 mentes
422 1677 616 1749 temptantem
637 1671 747 1729 fusiore
761 1672 929 1728 narratione
944 1669 1133 1747 descripsisse
1144 1667 1167 1745 ¹)
1189 1671 1306 1746 aegrius

151 1792 247 1850 quarn
269 1792 324 1850 par
346 1778 392 1832 est
419 1772 579 1831 ferendum.
624 1771 699 1830 Sunt
724 1776 822 1830 tamen
842 1772 872 1828 in
891 1791 968 1848 quae
988 1771 1060 1830 haec
1083 1772 1159 1830 ratio
1182 1773 1231 1829 vix
1256 1789 1305 1830 ea-

150 1874 227 1933 dere
257 1873 402 1933 videatnr.
446 1873 548 1950 Neque
582 1874 658 1931 enim
689 1862 746 1932 fab.
771 1872 873 1929 XXIII
903 1873 1014 1940 mirum,
1039 1871 1113 1930 illud
1145 1871 1254 1931 Aretae
1274 1875 1304 1928 et

151 1977 273 2035 Alcinoi
302 1974 487 2052 conloquium
518 1975 565 2034 vel
600 1974 675 2033 duae
706 1973 878 2032 Colchorum
909 1972 1111 2049 expeditiones
1137 1972 1243 2031 ibidem
1274 1973 1305 2032 in

150 2097 244 2138 unam
268 2078 405 2136 confusae
425 2076 543 2136 doctum
565 2077 690 2153 aliquem
716 2079 974 2134 commentatorem
996 2074 1076 2132 olent
1097 2075 1208 2151 quippe
1228 2093 1304 2151 quae

152 2200 174 2239 a
195 2180 330 2238 carminis
353 2184 528 2254 argumento
563 2197 666 2254 parum
697 2177 864 2254 discrepent
885 2187 979 2252 neque·
1000 2175 1036 2232 nd
1058 2177 1151 2252 ipsam
1175 2173 1315 2253 fabulam·

152 2279 326 2340 variandam
359 2278 471 2356 aliquid
503 2279 628 2348 valeant,
666 2297 759 2354 noque
792 2296 825 2336 ea
856 2281 925 2335 sunt
955 2295 1030 2353 quae
1061 2277 1126 2352 quis
1154 2274 1304 2352 Apollonii

152 2380 281 2440 carmine
314 2381 447 2456 quamvis
480 2379 664 2454 negligenter
699 2378 774 2437 lecto
797 2377 843 2436 vel
872 2376 1062 2454 indiligenter
1083 2379 1112 2434 in
1135 2376 1301 2435 fabularum

153 2485 331 2556 argumenta
362 2500 502 2539 converso
531 2481 683 2557 scripsisse
715 2479 908 2556 probabiliter
926 2481 1025 2557 putari
1047 2479 1149 2557 possit.
1193 2478 1304 2549 Quodsi

153 2582 215 2643 fab.
239 2582 338 2641 XXIII
372 2583 443 2642 haec
473 2583 564 2642 verba
588 2582 626 2642 ab
647 2583 801 2660 Apollonio
833 2581 949 2658 quidem
974 2575 1023 2660 [of.
1047 2581 1113 2639 IIII
1133 2581 1217 2656 Ι1008
1241 2575 1300 2656 sq.]

153 2686 265 2744 aliena:
276 2678 380 2762 ‘quem
390 2684 513 2743 iudicem
526 2689 713 2762 sumpserunt
728 2684 778 2759 qui
791 2701 840 2741 eos
855 2684 884 2740 in
896 2687 1046 2760 posterum
1061 2675 1186 2740 distulit’
1204 2681 1303 2756 quarti

153 2787 225 2844 libri
249 2787 514 2861 Argonauticorum
536 2790 741 2863 argumentum
772 2775 819 2866 [cf.
841 2804 869 2861 p.
888 2785 948 2842 484
968 2784 1059 2842 Keil:
1084 2776 1098 2840 ὃ
1120 2777 1152 2840 δὲ
1172 2768 1300 2857 ὕπερθέ-

151 2907 240 2963 pretor
259 2883 301 2958 εἰς
320 2882 373 2963 τὴν
402 2878 515 2968 αὔριον]
547 2891 591 2946 ita
623 2885 803 2964 amplificant
832 2892 866 2944 ut
889 2885 1029 2945 Alcinous
1060 2885 1169 2961 quippe
1192 2882 1242 2958 qui
1263 2882 1301 2941 ab

154 2994 282 3064 utraque
304 2994 390 3065 parte
421 2989 533 3047 arbiter
563 2988 742 3047 constitutus
764 2992 849 3056 esset,
882 2987 961 3046 litem
985 2987 1014 3043 in
1037 2989 1185 3062 posterum
1207 2982 1299 3041 distu·
1336 2976 1338 2980 ’

155 3090 223 3148 lisse
244 3089 370 3164 dicatur,
403 3091 447 3149 vel
481 3093 522 3148 eis
551 3110 626 3166 quae
652 3090 682 3146 in
704 3089 768 3167 fine*
784 3088 892 3147 codicis
915 3087 1106 3146 Laurentiani
1129 3088 1301 3159 argumento

155 3193 424 3266 Argonautieorurn
448 3182 489 3273 [p.
502 3193 559 3249 533
580 3180 656 3271 Keil]
687 3191 828 3265 leguntur
858 3188 988 3247 Iasonem
1019 3208 1052 3246 eo
1083 3190 1147 3263 ipso
1170 3191 1302 3262 tompore

156 3292 282 3350 alterum
311 3292 537 3350 calceamentum
568 3289 733 3369 perdidisse
760 3309 817 3367 quo
838 3289 974 3348 lunonem
998 3309 1051 3367 per
1073 3288 1181 3346 flumen
1202 3286 1301 3343 Anau-

155 3411 221 3450 rum
246 3398 466 3469 transportaret
478 3387 513 3466 ²),
535 3392 573 3451 ub
586 3391 704 3469 Hygino
726 3391 785 3451 fab.
799 3390 871 3448 Xlll
895 3390 1033 3449 lunonem
1056 3387 1110 3446 boc
1131 3389 1162 3444 in
1184 3385 1302 3444 consilio

155 3583 354 3592 ...—————

154 3702 210 3754 iter
228 3704 259 3753 ut
277 3699 490 3762 demonstraret,
510 3702 652 3767 rogarent,
672 3696 744 3750 dixit
769 3714 797 3751 se
819 3695 1074 3750 demonstraturum
1092 3696 1115 3748 si
1132 3711 1194 3748 eum
1214 3712 1302 3763 poena

155 3783 320 3843 liberarent'
342 3804 405 3841 cum
424 3786 491 3840 bibl.
510 3786 562 3854 19,
575 3785 618 3852 21,
632 3789 661 3840 4:
683 3787 861 3856 βουλομένοις
879 3785 911 3838 dt
928 3790 983 3842 τοῖς
993 3777 1181 3854 Ἀργοναύταις
1193 3779 1226 3836 τὰ
1239 3786 1301 3852 περὶ

154 3878 203 3930 rori
232 3875 302 3929 niori
325 3881 430 3946 μαθεῖν
458 3869 653 3940 ὑποθήσεσθαι
677 3873 726 3928 τὸν
744 3875 831 3928 πλοῦν
850 3874 905 3944 ἔφη
924 3872 978 3926 τῶν
996 3868 1134 3941 Ἁρπυιῶν
1152 3866 1235 3924 αὐτὸν
1253 3868 1302 3926 ἐὰν

154 3959 354 4023 ἀπαλλάξωσιν.

258 4053 281 4118 1)
301 4051 341 4106 (lt.
361 4051 416 4105 lab.
438 4051 503 4107 XX:
531 4049 633 4122 ‘exque
659 4069 736 4105 more
755 4051 887 4104 Curetum
904 4049 1007 4124 'sonitu
1037 4066 1082 4102 eas
1109 4043 1251 4118 fugarunt'
1273 4050 1302 4102 et

155 4142 210 4196 lab.
230 4140 322 4196 XXII:
347 4138 430 4194 ‘luno
446 4172 482 4181 —
500 4141 594 4194 volens
613 4141 755 4194 hominum
775 4143 880 4192 mentes
909 4142 1047 4207 temptare
1070 4154 1152 4189 anum
1173 4154 1201 4191 se
1219 4136 1302 4189 simn-

154 4232 224 4284 lavit
241 4236 271 4282 et
289 4229 400 4298 rogavit
419 4235 450 4282 ut
463 4247 491 4282 se
504 4229 690 4284 transferrent
696 4248 702 4298 ;
725 4245 787 4281 cum
807 4227 893 4282 ceteri
914 4228 962 4296 qui
981 4225 1148 4280 transierant
1162 4222 1301 4292 despexis-

155 4322 227 4387 sent,
246 4316 293 4372 ille
311 4317 456 4372 transtulit
474 4314 557 4373 eam‘.

256 4407 285 4477 2)
306 4406 345 4461 cf.
364 4406 443 4461 haec:
472 4402 623 4478 γενόμενος
651 4405 682 4458 δὲ
710 4407 741 4459 ἐν
767 4406 806 4476 τῷ
828 4398 946 4474 avalon
971 4405 1008 4473 τῷ
1032 4401 1161 4472 ποταμῷ·
1187 4400 1243 4454 ἔστι
1271 4399 1302 4453 dt

156 4482 233 4556 οὗτος
252 4497 416 4553 Θεσσαλίας·
442 4499 487 4547 καὶ
511 4488 678 4566 βουλόμενος
702 4497 853 4565 παρελθεῖν
877 4491 993 4562 εὑρίσκει
1018 4491 1064 4545 ἐπὶ
1083 4490 1128 4557 τῆς
1146 4483 1234 4560 ὄχθης
1252 4485 1301 4556 τὴν
