2958 4786
715 223 770 279 13·

146 403 259 464 bratus
290 423 353 464 esse
387 401 544 462 tradiderit
575 394 679 478 [schol.
713 400 771 458 llIl
794 397 901 474 1153]:
950 394 1078 475 Τιμαίου
1113 392 1241 477 λέγοντος
1273 395 1305 457 έν

151 501 301 585 Κερκύρᾳ
323 500 386 573 τούς
406 497 518 581 γύμους
539 498 671 578 ἀχθῆναι
694 496 846 571 Διονύσιος
866 495 1043 578 ύΜιλήσισς
1062 496 1095 559 ἒν
1116 495 1237 584 δευτέρῳ
1250 503 1306 559 τῶν

144 600 386 684 Ἀργσναυττκῶν
408 601 440 664 ἐν
454 597 610 686 Βυζαντίῳ
634 598 728 682 φησίν,
752 596 927 678 Ἀντίμαχος
953 597 984 660 έν
1006 596 1094 685 Λύδη
1119 597 1152 660 έν
1177 597 1305 679 Κόλχοις

127 701 278 786 ,πλησίον
299 709 349 764 τοῦ
377 709 509 782 ποταμοῦ
532 707 664 783 μιγῆναι,
697 724 764 774 υσιυ
795 710 829 763 ut
857 703 1028 780 Sophoclem
1060 710 1089 763 et
1117 704 1301 763 Herodorum

153 806 275 878 [scholi.
289 808 429 867 1111259.
442 805 514 883 284]
527 809 714 881 Argonautas
733 805 832 863 eodem
853 806 959 863 itinere
981 825 1039 882 quo
1060 807 1186 884 proiecti
1208 812 1303 878 erant,

149 907 272 967 domum
295 889 452 969 redeuntes
476 909 578 966 fecisse
601 912 726 980 constat,
756 910 844 992 atque
874 906 917 963 ita
937 909 1133 965 narrationem
1158 907 1303 966 Diodorus

151 1011 297 1070 instituit.
341 1011 396 1084 Qui
418 1031 483 1068 eum
499 1008 633 1068 omnibns
646 1008 884 1083 Argonautarum
902 1006 1010 1067 fabulis
1035 1005 1178 1068 enarratis
1201 1010 1305 1067 ultimo

150 1113 221 1170 loco
243 1132 260 1168 a
282 1112 426 1190 nonnullis
457 1111 635 1181 auctoribus,
662 1109 795 1186 inprimis
817 1129 835 1168 a
858 1109 977 1168 Timaeo
1001 1109 1126 1169 reditum
1147 1111 1232 1170 aliter
1254 1112 1302 1170 de·

154 1215 301 1291 seriptum
337 1235 398 1273 esse
430 1213 576 1273 addiderit
612 1207 647 1287 [e.
679 1215 728 1287 56,
753 1207 803 1289 3]‚
843 1211 906 1278 loco
945 1212 996 1271 illo
1029 1211 1199 1288 Dionysium
1235 1234 1305 1275 snae

152 1317 320 1375 narrationi
341 1317 490 1375 'l'imeeum
520 1314 683 1393 adplicasse
712 1315 898 1391 consequitur
906 1309 939 1390 ¹),
969 1333 1061 1391 neque
1087 1333 1156 1372 vero
1178 1333 1212 1373 ea
1234 1314 1304 1373 Dio·

152 1416 222 1475 dori
252 1417 323 1475 fides
367 1421 456 1495 atque
496 1417 648 1493 diligentia
686 1421 731 1476 est
761 1421 794 1474 ut
824 1435 860 1474 ex
892 1417 954 1474 eius
994 1415 1091 1474 verbis
1126 1409 1179 1472 οὐκ
1214 1399 1304 1494 όλόγσι

151 1513 213 1594 γὰρ
238 1519 294 1574 τῶν
320 1537 348 1576 τε
373 1512 502 1594 ἀρχαίων
529 1511 719 1596 συγγραφέων
748 1515 797 1574 καὶ
827 1519 882 1575 τῶν
908 1509 1151 1594 μεταγενεστέρων
1178 1496 1219 1573 ὧν
1246 1510 1304 1574 ἐστι

152 1616 207 1676 καὶ
231 1615 364 1696 Τίμαιος,
397 1617 470 1697 φασὶ
502 1615 566 1690 τσές
590 1613 788 1697 Ἀργοναύτας
816 1615 889 1693 μετὰ
919 1613 974 1695 τὴν
999 1621 1050 1677 τοῦ
1082 1611 1180 1695 δέρους
1207 1605 1323 1696 δρυσ-Ι

152 1716 214 1799 γῆν
253 1715 437 1795 πυθομένους
473 1715 523 1779 ὑπ’
556 1717 675 1800 Αἰήτου
713 1719 964 1799 προκατειλῆφθαι
1014 1717 1097 1777 ναυσὶ
1138 1715 1170 1777 τὸ
1210 1720 1303 1795 στόμα

153 1823 209 1878 τού
244 1816 357 1879 Πόντου
396 1818 499 1900 πρᾶξιν
534 1817 754 1890 ἐπιτελέσασθαι
794 1817 957 1899 παράδοξον
987 1819 1037 1878 καὶ
1066 1808 1186 1898 μνήμης
1219 1815 1304 1892 ἀξίαν

154 1941 357 2000 quaecumque
378 1931 526 1995 secuntur,
549 1946 583 1985 ea
605 1926 643 1984 ad
665 1945 754 1984 unum
773 1927 869 1983 omnia
891 1924 1002 1982 Timaei
1025 1941 1087 1982 esse
1110 1928 1305 2000 consequatur

153 2028 210 2080 aut
231 2042 266 2080 ea
288 2045 375 2100 quam
399 2027 555 2084 instituere
577 2028 676 2104 pergit
700 2026 814 2084 itineris
829 2025 1044 2101 descriptione:
1070 2017 1304 2095 ἀναπλεύσαντας

154 2120 212 2202 γὰρ
238 2119 342 2196 αύτούς
363 2122 410 2192 διὰ
432 2131 481 2184 τοῦ
501 2122 647 2198 Τανάιδος
668 2129 800 2201 ποταμοῦ
820 2118 868 2184 ἐπὶ
880 2122 1029 2203 τὰςπηγὰς
1049 2122 1097 2182 καὶ
1122 2121 1196 2182 κατὰ
1215 2120 1304 2184 τόπον

155 2220 219 2282 τινὰ
240 2221 294 2302 τὴν
315 2221 389 2284 ναόν
412 2223 613 2298 διελκύσαντας
634 2227 704 2286 καθ’
732 2221 828 2305 ἑτέρου
852 2221 943 2286 ’πάλιν
972 2230 1104 2302 ποταμοῦ
1136 2222 1189 2304 τὴν
1221 2214 1304 2306 ῥύσιν

156 2317 269 2402 ἔχοντος
291 2323 332 2398 εἰς
357 2324 403 2386 τὸν
421 2325 559 2388 Ὠκεανὸν
586 2328 778 2387 καταπλεῦσαι
803 2325 874 2406 πρὸς
893 2325 942 2412 τὴν
953 2323 1101 2387 θάλατταν
1122 2349 1186 2389 cum
1201 2328 1304 2388 scholii

156 2428 255 2504 Apoll.
277 2427 334 2486 llll
357 2431 417 2488 284
448 2432 544 2490 verbis
568 2432 741 2510 composita:
765 2424 853 2507 ὃμὲν
878 2426 933 2509 γὰρ
958 2425 1092 2506 Σκύμνος
1120 2424 1224 2501 αὐτούς
1256 2420 1303 2488 δια

159 2515 305 2601 Τανάϊδος
325 2527 510 2592 πεπλευκέναι
526 2529 575 2592 ἐπὶ
594 2529 647 2610 τὴν
666 2527 793 2611 μεγάλην
814 2528 977 2604 θάλασσαν,
1000 2527 1114 2590 ἐκεῖθεν
1135 2527 1166 2592 δέ
1188 2529 1229 2603 εἰς
1251 2529 1305 2608 τὴν

158 2623 301 2717 ἡμετέραν
322 2629 478 2691 θάλασσαν
496 2617 688 2711 ἐληλυθέναι(
703 2632 753 2694 καὶ
776 2628 1016 2712 παρεκβολεύεται
1037 2627 1074 2704 τός
1093 2628 1151 2710 ἄρα
1171 2627 1306 2704 ἐλθόντες

156 2725 205 2787 ἐπὶ
223 2727 276 2807 τὴν
299 2725 419 2809 η”πειρσν
445 2727 473 2791 οἱ
493 2730 686 2813 Ἀργοναῦται
708 2731 757 2793 ἐπὶ
779 2730 950 2812 στρωτήραιν
972 2723 1111 2810 ἐκόμισαν
1133 2729 1188 2810 την
1207 2729 1305 2812 Ἀργδι

155 2827 255 2909 μέχρις
274 2816 310 2892 οὗ
334 2830 382 2893 ἐπὶ
403 2823 559 2893 θάλασσαν
582 2829 768 2913 παρεγένοντο
790 2837 959 2913 Dionysium
983 2835 1099 2912 Soymni
1119 2836 1304 2912 'testimoniis

157 2934 203 2993 vel
225 2936 320 3011 ipsum
349 2937 395 2995 vel
424 2957 459 2995 ex
486 2937 684 2997 Eratosthene
713 2939 839 3016 sumptis
871 2959 956 2998 usum
980 2957 1053 3005 esse·
1075 2957 1131 2996 non
1162 2941 1242 2996 recte
1275 2941 1304 2995 et

158 3041 238 3094 certo
267 3035 469 3097 concludatur.
515 3038 669 3114 Cognitum
702 3045 746 3098 est
764 3041 867 3116 'igitur
899 3044 1018 3116 praeter
1049 3044 1182 3098 auctores
1213 3029 1304 3117 supra
1369 3060 1371 3099 ι

157 3139 320 3198 nominatos
341 3137 547 3198 Eratosthenis
572 3139 766 3199 Timosthenis
787 3141 897 3199 Timaei
920 3140 1037 3216 Scymni
1052 3142 1220 3199 testimonia
1239 3141 1309 3200 uhi--

157 3258 279 3315 cumque
289 3242 318 3297 in
330 3240 445 3312 scholiis
454 3241 652 3319 Apollonianis
664 3247 697 3300 ut
706 3243 943 3318 Argonautarum
952 3237 1065 3301 salsulae
1075 3241 1302 3319 adplicarentur,

70 3359 72 3365 ⁸
158 3337 291 3398 adhibita
313 3346 392 3410 sunt,
420 3341 458 3400 ad
490 3341 661 3418 Dionysium
685 3348 765 3402 certo
786 3345 898 3402 referri.
930 3343 1020 3402 Plura
1042 3341 1182 3403 adcedent
1203 3342 1252 3400 ubi
1273 3345 1302 3401 in

160 3439 332 3500 scholiorum
356 3433 617 3520 Apollonianorum
634 3429 801 3503 memoriam
818 3439 908 3522 alque
928 3447 1116 3523 propaginem
1135 3445 1304 3520 diligentius

158 3541 327 3617 inquisitum
350 3547 415 3604 erit.
457 3546 614 3606 Praeterea
636 3553 670 3614 ut
686 3546 804 3607 'certum
825 3550 882 3606 toti
899 3548 1062 3623 quaestioni
1082 3547 1303 3606 fundamentum

159 3640 355 3712 substruatur,
384 3644 540 3721 diligenter
569 3648 857 3725 circumspiciendum
891 3652 937 3706 est
970 3667 1037 3706 num
1059 3665 1183 3725 quorum
1205 3667 1301 3725 gram-

161 3744 330 3803 maticorum
353 3767 441 3824 opera
458 3745 712 3823 Soytobrachionis
734 3749 836 3825 copiae
857 3749 886 3805 in
908 3747 1194 3826 ApolloniiPindari
1216 3749 1302 3808 Euri·

159 3844 232 3921 pidis
257 3849 478 3906 commentarios
500 3851 698 3926 pervenerint,
723 3850 786 3908 erui
808 3849 904 3909 liceat.

259 4111 285 4180 l)
303 4111 451 4166 Praeterea
470 4113 534 4167 data
554 4115 697 4169 occasione
716 4115 829 4169 Timaeo
849 4117 963 4169 auctore
984 4115 1123 4170 derebus
1143 4116 1302 4186 Corcyraeis

159 4196 266 4265 longius
295 4199 478 4268 disputavisse
505 4201 615 4256 videtur
641 4204 674 4257 cl.
695 4203 790 4257 solroll.
819 4203 1136 4258 1111984.1216.1217,
1172 4205 1217 4257 Ad
1239 4221 1300 4258 enm

158 4285 249 4340 refero
279 4288 362 4340 etiarn
389 4275 473 4344 solsol.
494 4290 585 4346 11399
606 4297 723 4362 Τίμαιος
751 4293 786 4346 δέ
812 4310 881 4364 φησι
909 4293 1008 4348 πεδίον
1036 4295 1066 4347 έν
1091 4288 1214 4363 Κόλχοις·
1233 4293 1302 4347 εἶναι

161 4379 295 4446 Κίρκαιον.
