2958 4786
765 253 798 309 16

208 429 264 488 1111
288 430 368 488 1638
390 429 589 490 testimonium
612 431 804 490 adhiberetur
826 431 870 490 vel
893 451 969 508 quae
991 431 1026 494 de
1042 429 1152 489 Phineo
1175 429 1213 490 ab
1236 432 1356 510 Apollo·

207 530 279 590 doro
303 537 462 590 narrantur
485 521 509 612 [Ι
526 533 553 604 9,
568 533 617 600 21,
632 529 679 605 il:
700 525 728 589 oi·
751 527 783 590 δὲ
802 525 861 589 tua
877 526 991 607 Βορέου
1012 531 1062 591 καί
1080 535 1136 591 τῶν
1152 529 1357 611 Ἀργοναυτῶν

207 625 247 689 ὅτι
268 630 396 702 πεισθείς
414 633 539 714 μητρυιᾷ
560 630 625 702 τοὺς
645 628 735 703 ἰδίους
754 628 902 711 ἐτύφλωσε
922 630 1028 704 παῖδας
1052 655 1070 693 a
1091 629 1201 694 scholio
1229 634 1257 692 Il
1281 635 1318 692 17
1321 637 1355 693 8:

208 730 363 812 Σοφοκλῆς
385 726 417 790 δὲ
438 723 479 790 ὅτι
500 727 566 803 τοὺς
586 729 618 791 ἐκ
640 721 832 809 Κλεοπάτρας
851 727 933 806 υἱοὺς
952 728 1099 813 ἐτύφλωσε
1114 727 1287 812 Παρθένιον
1306 733 1356 793 καί

208 830 356 912 Κρίμβον
388 831 516 904 narnate
543 829 693 910 διαβολαῖς
716 830 823 908 Ἰδαίας
855 838 907 914 τῆς
935 832 1029 894 αὐτῶν
1055 821 1203 914 μητρυιᾶζ
1224 838 1355 918 separari

207 940 322 996 omnino
345 957 402 995 non
422 931 598 1014 posseut¹li
632 934 743 995 Deinde
771 938 864 1015 siquis
893 939 923 996 in
946 937 1062 996 scholiis
1084 935 1212 995 fabulam
1235 935 1353 1014 Apollo·

206 1038 322 1096 nianam
355 1037 419 1097 aliis
441 1043 473 1096 et
495 1036 617 1096 diversis
640 1057 727 1115 saepe
740 1037 859 1115 'obponi
892 1035 1174 1115 animadverterim),
1209 1059 1269 1098 non
1297 1040 1355 1098 iam

205 1138 364 1198 mirabitur
388 1139 467 1216 quod
496 1137 560 1198 loco
582 1138 633 1196 illo
664 1137 859 1198 bibliothecae
889 1140 990 1216 inepta
1012 1139 1161 1216 Apollonii
1188 1141 1298 1200 mentio
1320 1140 1356 1200 tit

205 1239 251 1299 vel
273 1239 381 1298 alicubi
414 1241 476 1299 eius
509 1238 610 1298 fabula
635 1241 711 1299 inter
738 1259 788 1299 eas
817 1258 891 1316 quas
925 1239 962 1298 ab
991 1240 1055 1317 ipso
1088 1241 1256 1319 discrepare
1282 1241 1356 1301 dicit

206 1341 414 1420 Apollodorus,
435 1346 612 1414 recensetur,
634 1343 807 1419 praesertim
821 1361 887 1400 cum
908 1342 981 1419 ipsis
1007 1340 1065 1399 illis
1092 1342 1162 1402 locis
1184 1343 1215 1401 in
1236 1342 1356 1403 scholiis

206 1444 406 1521 Argonautica
432 1448 710 1502 commemorentur:
747 1443 783 1502 cf.
812 1440 902 1502 schol.
923 1443 961 1500 all
983 1443 1043 1500 296
1072 1440 1145 1500 κατὰ
1167 1437 1198 1502 δὲ
1217 1436 1357 1502 Ἡσίοδον

205 1542 254 1602 καί
271 1538 449 1620 Ἀντίμαχον
469 1540 518 1600 καί
537 1537 735 1601 Ἀπολλώνιον
757 1539 792 1601 οὐ
815 1539 969 1602 κτείνοντα
993 1551 1023 1602 et
1041 1544 1132 1602 schol·
1156 1543 1182 1601 ll
1207 1544 1264 1603 178
1288 1539 1303 1602 δ
1323 1540 1356 1603 δὲ

203 1639 398 1715 Ἀπολλώνιός
418 1663 487 1724 φησι
517 1642 694 1721 πηρωθῆναι
722 1640 811 1702 αὐτὸν
840 1643 889 1702 καί
915 1641 985 1723 πρὸς
1013 1648 1067 1704 τῶν
1090 1638 1239 1721 Ἁρπυιῶν
1261 1648 1358 1716 κακῶς

206 1741 325 1824 πάσχειν
359 1739 398 1804 ὅτι
426 1739 529 1823 ἀνέδην
559 1748 628 1803 πᾶσι
651 1743 700 1802 καί
715 1739 876 1824 διαρρήδην
898 1741 1076 1821 ἐμαντεύετο.
1114 1744 1184 1824 enei
1203 1738 1355 1824 γάρ-ὀὐδ’
1464 1825 1465 1830 ¹

206 1842 273 1906 ὅσον
300 1841 411 1918 ὀπίζετο
445 1845 494 1904 καί
527 1842 598 1917 Διὸς
623 1841 733 1905 αὐτοῦ’.
777 1847 919 1920 Quoniam
950 1849 997 1908 vel
1024 1869 1061 1908 ex
1087 1847 1142 1907 hae
1168 1848 1356 1924 neglegentia
1464 1863 1465 1882 ¹

205 1955 296 2026 atque
316 1949 429 2008 incuria
449 1967 507 2006 non
540 1967 605 2007 eum
627 1949 717 2007 tuisse
749 1947 944 2008 bibliothecae
966 1955 1113 2008 auctorem
1140 1949 1273 2026 adparet,
1303 1951 1356 2025 qui

122 2048 125 2061 '
206 2054 325 2128 praeter
347 2049 495 2126 Apollonii
521 2049 721 2127 Argonautica
746 2053 959 2110 commentariis
991 2052 1135 2110 instructa
1163 2049 1251 2109 etiam
1279 2050 1355 2108 alios

99 2195 101 2201 -
129 2202 131 2235 :
206 2155 241 2210 ut
262 2150 376 2210 iahulas
398 2151 558 2228 conligeret
580 2153 736 2229 scriptores
757 2152 950 2229 perquireret,
981 2171 1182 2229 quaecumque
1204 2151 1241 2209 ab
1263 2171 1297 2210 eo
1316 2151 1355 2210 de

127 2289 130 2313 ι
210 2253 450 2331 Argonautarum
473 2252 660 2329 expeditione
685 2255 839 2311 memoriae
862 2252 1018 2310 tradantur
1032 2272 1127 2328 neque
1146 2251 1183 2309 ab
1206 2252 1355 2329 Apollonii

206 2356 332 2414 carmine
367 2355 523 2433 pendeant,
552 2354 590 2413 ad
623 2354 887 2429 Argonautioorum
929 2355 1167 2412 commentarium
1205 2354 1355 2430 pertinere

206 2461 305 2516 statuo
325 2463 415 2532 atque
439 2475 504 2514 eum
527 2454 644 2532 quidem
668 2474 726 2532 quo
751 2455 839 2512 etiam
862 2453 1020 2512 scholiasta
1040 2455 1149 2512 codicis
1161 2453 1354 2513 laurentiani

206 2577 278 2618 usus
300 2555 380 2632 siti).

205 2798 235 2852 in
255 2797 325 2852 Plat.
344 2815 404 2852 rem
423 2795 560 2867 publlp.
571 2797 622 2852 337
643 2795 692 2866 [Vl
710 2815 737 2865 p.
750 2797 801 2849 333
821 2796 863 2850 ed.
883 2795 988 2866 Herm]
1006 2811 1056 2848 nec
1075 2793 1173 2847 dubito
1193 2794 1258 2862 quin
1278 2797 1353 2848 nter·

208 2904 261 2956 que
280 2886 358 2940 locus
376 2885 410 2939 ad
429 2883 544 2937 Daedali
564 2883 685 2936 fabulam
705 2885 859 2951 pertineat;
879 2884 914 2937 cf.
934 2883 1007 2937 FTG
1026 2901 1051 2952 p.
1064 2884 1123 2936 133.

307 2975 333 3044 1)
353 2973 459 3028 Vereor
470 2989 505 3025 ne
523 2971 576 3026 sub
588 2971 623 3025 iis
637 2987 745 3041 quoque
760 2971 947 3025 bibliothecae
965 2971 1057 3026 verbis
1075 2989 1146 3041 quae
1165 2971 1351 3041 praecedunt:

202 3063 297 3116 τοῦτον
316 3064 343 3114 ot
359 3060 414 3134 μὲν
428 3054 573 3132 Ἀγήνορος
583 3060 649 3114 τίνοι
666 3063 800 3130 λέγουσιν,
811 3063 837 3113 ot
850 3060 881 3113 δὲ
893 3060 1071 3120 Ποσειδῶνος
1083 3056 1144 3115 υἱόν
1157 3061 1252 3114 eadem
1266 3064 1353 3131 atque

206 3168 277 3221 quae
296 3151 380 3206 schol.
399 3150 503 3205 111733
523 3145 666 3221 Ἀγήνορος
683 3147 737 3220 γὰρ
756 3155 821 3209 παῖς
839 3151 914 3204 ἐστιν
931 3145 1141 3210 demirantes·
1161 3147 1197 3208 ὠς
1217 3149 1248 3202 δὲ
1260 3147 1352 3203 Ἡσίο-

206 3234 255 3304 δός
273 3256 368 3311 φησιν,
396 3245 525 3300 Φοίνικος
552 3244 607 3296 κτλ.
638 3241 762 3295 traditur
790 3240 976 3310 discrepantia
1003 3239 1098 3292 lateat.
1134 3237 1257 3306 Neptuni
1277 3239 1351 3292 enim

204 3326 293 3381 lilium
312 3321 446 3383 Phineum
476 3346 597 3397 unquam
627 3329 732 3384 dictum
758 3345 818 3382 esse
841 3330 918 3382 omni
936 3333 1014 3383 caret
1032 3326 1232 3396 probabilitate
1250 3331 1280 3382 et
1298 3327 1352 3382 hoe

203 3433 302 3470 nomen
322 3433 355 3470 ex
375 3418 466 3470 uerbis
494 3433 564 3485 quae
594 3416 667 3470 inira
692 3417 825 3487 leguntur
849 3413 904 3470 ane
925 3418 1104 3477 Ποσειδῶνος
1130 3417 1267 3471 intrusum
1292 3435 1351 3472 esse

203 3504 262 3559 veri
282 3504 453 3560 simillimum
473 3510 521 3560 est.

302 3594 391 3666 2)(11.
421 3595 517 3650 scholl.
541 3596 598 3650 14.
617 3597 660 3649 45.
686 3597 730 3650 57.
754 3596 814 3649 211.
839 3597 899 3649 603.
922 3597 984 3650 623.
1010 3597 1247 3652 9379961037.
1272 3597 1349 3650 1063.

205 3685 282 3737 1207.
313 3686 389 3739 1296.
418 3686 495 3738 1239.
526 3683 604 3738 1304.
636 3684 723 3738 1193.
746 3685 803 3738 178.
824 3683 884 3737 296.
910 3686 970 3738 297.
1000 3687 1061 3740 366.
1085 3686 1146 3739 929.
1171 3683 1348 3739 12101231.
1461 3701 1462 3750 g

207 3773 248 3827 III
266 3773 309 3828 26.
329 3775 389 3826 911.
409 3775 468 3828 537.
490 3771 750 3828 117311361372.
770 3773 823 3827 1111
842 3775 885 3827 86.
904 3775 948 3827 37.
971 3775 1029 3828 166.
1051 3776 1110 3827 177.
1130 3775 1191 3828 223.
1210 3775 1270 3827 223.
1289 3773 1349 3827 269.

202 3863 265 3916 234.
282 3863 344 3916 303.
364 3861 424 3914 392.
446 3862 522 3916 1217.
545 3861 623 3916 1760.
812 3922 816 3932 ‚

303 3949 331 4020 3)
350 3949 551 4020 Disorepantiis
569 3965 640 4019 quae
662 3949 736 4002 inter
754 3947 954 4004 bibliothecam
976 3953 1005 4004 et
1027 3949 1131 4004 scholia
1150 3967 1214 4005 sane
1233 3951 1349 4004 interce

207 4039 278 4094 dunt
297 4055 358 4093 cum
378 4040 461 4100 nimis
488 4038 648 4093 inhaereret
674 4036 721 4107 [ef.
741 4056 768 4107 p.
781 4040 823 4091 30.
844 4037 889 4108 69]
917 4037 1025 4092 Robert
1052 4037 1134 4107 paulo
1153 4037 1279 4092 timidior
1297 4038 1349 4094 hoe

202 4128 335 4183 iudicium
352 4127 417 4181 tulit
428 4126 466 4198 [p.
477 4127 536 4196 82]:
556 4126 769 4196 ‘Apollodorum
780 4132 828 4180 aut
847 4125 938 4196 ipsum
956 4125 1100 4195 Sophoclis
1119 4127 1349 4181 commentarium

203 4220 252 4271 aut
271 4217 356 4271 aliurn
375 4216 478 4270 librum
497 4216 590 4274 nescio
603 4216 685 4285 quern
698 4216 870 4285 cognovisse,
882 4216 960 4270 cuius
974 4217 1072 4268 auctor
1084 4213 1227 4284 Sophoclis
1247 4217 1348 4271 serinia

202 4306 416 4374 compilaverat3
445 4323 499 4376 quo
527 4309 633 4361 statuto
661 4322 756 4359 omnes
783 4305 916 4360 eiusmodi
935 4303 1129 4359 adnotationes
1148 4322 1218 4374 quae
1237 4307 1348 4375 quidem

203 4394 374 4463 expeditioni
403 4395 631 4465 Argonautarum
660 4395 781 4450 insertae
809 4401 883 4465 sunt,
910 4394 945 4449 ad
971 4393 1090 4449 eundem
1114 4395 1221 4450 iontem
1250 4395 1349 4450 referri

203 4489 419 4541 consentaneum
438 4480 499 4541 est.³
541 4485 583 4541 Ex
603 4485 659 4558 illis
679 4485 752 4541 enim
772 4483 966 4555 discrepantiis
985 4482 1055 4540 nihil
1073 4483 1151 4539 aliud
1169 4483 1349 4555 consequitur

105 4683 236 4748 A
