2958 4786
783 274 817 328 ³6

224 453 326 513 mortis
347 453 478 531 pericula
503 450 624 512 subiret.
670 451 775 510 Melius
797 451 883 536 huius
905 451 1021 510 fabulae
1044 451 1214 511 memoriam
1237 449 1376 528 Hyginus

228 550 303 632 [fab.
314 549 416 632 XXII]
430 549 581 614 “servavitz
601 547 721 612 ‘Aeetae
733 551 807 612 Solis
829 551 889 611 filio
904 559 969 612 erat
983 573 1153 630 responsum
1166 557 1228 611 tam
1240 552 1291 611 diu
1306 571 1374 609 eum

223 675 345 732 regnum
367 655 535 714 habiturum
560 653 701 731 quamdiu
723 673 757 712 ea
778 653 864 730 pellis
883 674 969 730 quam
992 653 1119 712 Phrixus
1129 658 1374 721 consecraverat,
1455 647 1456 732 i

224 757 342 816 insano
363 756 469 815 Martis
491 761 576 814 esset.
601 757 701 832 itaque
723 755 815 813 Aeeta
838 756 938 815 Iasoni
959 754 1034 814 hauc
1056 754 1234 814 simultatem
1265 756 1373 813 consti·
1455 745 1456 760 ¹

223 859 323 917 tuit..
339 899 346 914 .
362 862 465 918 tauros
481 902 487 916 .
502 901 508 915 .
525 851 697 933 .iungeret.'
721 857 822 935 Neque
841 875 910 914 vero
932 859 1003 932 quin
1023 855 1098 915 hanc
1118 856 1250 916 fabulam
1263 856 1373 930 Diony-

224 961 284 1018 sius
305 959 478 1035 priusquam
498 957 629 1016 rationes
649 958 716 1016 illas
736 960 934 1035 pragmaticas
957 976 1029 1034 quas
1043 956 1187 1016 Diodorus
1208 957 1373 1034 exscripsit,

224 1061 418 1138 exposuisset,
451 1059 620 1118 auctoribus
647 1060 803 1118 nominatis
838 1058 980 1118 adtulerit
1014 1057 1135 1117 dubium
1170 1062 1226 1128 est.
1275 1058 1373 1133 Atque

224 1180 345 1238 prorsus
368 1160 468 1220 eadem
491 1160 624 1220 Valerius
646 1180 746 1220 somno
767 1144 888 1220 Aeetae*
898 1137 1045 1237 portendi
1060 1159 1130 1218 dicit
1154 1149 1190 1240 [V
1212 1149 1299 1239 23ii]:

373 1264 444 1320 tune
465 1260 520 1320 tihi
542 1281 699 1339 regnorum
719 1261 799 1321 labes
821 1263 976 1338 luctusque
999 1265 1166 1339 supersunt,

376 1368 463 1440 rapta
485 1368 623 1441 soporato
645 1364 756 1422 fuerint
776 1382 840 1422 cum
864 1363 972 1422 vellera
993 1363 1067 1422 luco.

224 1465 326 1542 Neque
347 1468 445 1522 tamen
478 1468 563 1524 tanta
585 1465 671 1523 huius
703 1469 809 1542 poetae
839 1463 974 1523 doctrina
1005 1464 1204 1539 historiaeque
1229 1461 1371 1521 fabularis

225 1566 333 1642 peritia
357 1565 427 1624 mihi
448 1568 509 1624 visa
531 1571 576 1624 est
597 1569 633 1624 ut
654 1586 718 1624 eum
735 1564 871 1642 Dionysii
898 1565 982 1624 libris
1002 1566 1097 1642 ipsum
1119 1585 1203 1623 usum
1227 1584 1290 1623 esse
1311 1567 1370 1622 sta·

224 1671 314 1724 tuam.
350 1665 446 1725 Multa
468 1668 573 1743 opinor
594 1667 680 1725 aliter
694 1667 883 1736 instituisset,
908 1685 984 1745 noya
1005 1666 1185 1739 inseruisset,
1207 1671 1279 1725 nota
1298 1683 1371 1724 nore

223 1771 407 1826 immutasset
439 1769 464 1826 si
495 1786 630 1844 magnam
663 1766 831 1826 fabularum
863 1768 975 1845 copiam
998 1787 1016 1825 a
1037 1766 1282 1842 Scytobrachione
1306 1787 1371 1826 con·
1456 1833 1457 1840 y

224 1874 336 1945 gestam
361 1870 426 1946 ipse
447 1867 605 1946 diligenter
629 1868 843 1945 perlustrasset
869 1877 900 1927 et
925 1868 1156 1946 perquisivisset.
1200 1868 1274 1927 Fere
1295 1870 1369 1927 enim

225 1970 262 2030 ah
285 1970 434 2049 Apollonii
456 1971 589 2050 exemplo
612 1991 671 2031 non
692 1970 826 2030 discessit
848 1971 904 2030 nisi
926 1977 961 2029 ut
982 1969 1134 2030 doctrinae
1155 1969 1332 2047 adparatum
1353 1990 1371 2027 a

224 2077 313 2150 poet-a
324 2072 523 2132 Alexandrino
545 2075 673 2151 speciose
695 2073 878 2152 propositum
901 2073 1050 2132 recideret
1067 2073 1113 2133 vel
1128 2073 1290 2131 orationem
1305 2090 1369 2130 nar-

223 2172 425 2249 rationemque
446 2172 609 2249 elegantius
621 2176 771 2248 formaret,
794 2193 829 2232 ac
842 2194 879 2232 ne
896 2173 1005 2232 bellum
1027 2173 1144 2250 quidem
1166 2173 1246 2249 quod
1268 2171 1367 2230 aSau·

223 2274 344 2333 romatis
366 2292 385 2331 a
408 2272 514 2333 Perseo
545 2278 691 2334 arcessitis
714 2277 824 2335 Aeetae
845 2275 970 2334 inlatum
992 2294 1054 2333 esse
1074 2279 1186 2344 narrat,
1208 2274 1368 2350 antiquitus

225 2371 369 2431 traditum
405 2393 468 2433 esse
493 2367 618 2446 videtur,
650 2376 700 2435 sed
729 2395 765 2434 ne
797 2377 917 2434 carmini
949 2376 1031 2454 spico
1057 2373 1126 2436 belli
1147 2393 1368 2451 pugnarumque

222 2472 433 2549 descriptiones
454 2475 662 2551 nationumque
678 2480 707 2533 et
722 2478 902 2534 exercituum
920 2494 1054 2534 recensus
1072 2475 1216 2546 deessent,
1234 2493 1268 2532 ex
1280 2474 1367 2553 Apol·

222 2575 301 2632 lonio
324 2562 378 2654 [ΙΙΙ
401 2574 517 2652 351sq.
541 2576 600 2634 392
613 2565 668 2657 sq]
691 2575 815 2653 abipso
837 2581 925 2654 poeta
946 2575 1085 2635 effictum.
1124 2576 1215 2634 lmmo
1237 2594 1313 2652 quae
1334 2573 1367 2632 ab

225 2676 431 2752 Argonauticis
460 2676 639 2756 discrepant,
672 2683 806 2754 apertam
830 2677 976 2754 Apollonii
1005 2677 1195 2736 imitationem
1220 2675 1292 2734 adeo
1314 2693 1367 2732 non
1457 2677 1458 2686 ’

223 2783 339 2853 tegunt,
373 2781 434 2835 tam
465 2777 550 2835 facile
580 2778 794 2854 dignoscuntur
820 2785 850 2838 et
872 2778 1052 2837 divelluntur
1073 2785 1108 2837 ut
1129 2778 1198 2836 olim
1223 2775 1366 2835 Valerium
1457 2813 1458 2816 =

155 2916 157 2924 ,
223 2877 283 2934 fere
306 2878 409 2949 omnia,
440 2882 473 2936 ut
505 2875 653 2953 Orpheum
674 2884 873 2955 personatum,
907 2898 942 2936 ex
977 2880 1183 2937 commentario
1214 2878 1369 2954 sumpsisse

158 2980 161 3029 ἲ
223 2984 375 3057 putarem3
398 2979 449 3038 ubi
471 2999 535 3037 cum
556 2977 715 3056 Dionysius
739 2982 902 3058 exscriptus
930 2987 1016 3054 esset,
1039 2981 1149 3039 lactum
1172 2999 1235 3038 esse
1257 2984 1292 3036 nt
1315 2977 1366 3036 Va·

224 3081 315 3139 lerius
337 3085 367 3138 et
390 3101 454 3138 cum
467 3079 595 3139 Diodoro
617 3085 734 3139 etcum
757 3080 873 3140 scholiis
886 3081 1088 3158 Apollonianis
1110 3079 1205 3156 saepe'
1222 3081 1368 3138 concinere

221 3181 381 3241 videretur.
417 3181 532 3242 Scilicet
563 3185 770 3241 commentario
800 3183 892 3242 multo
922 3183 1009 3261 plura
1041 3185 1158 3240 inerant
1186 3199 1274 3257 quam
1295 3201 1368 3257 qnae

224 3302 300 3341 nunc
322 3285 447 3358 margini
469 3283 576 3342 codicis
598 3283 792 3342 Laurentiani
820 3284 969 3360 adscripta
991 3284 1144 3358 leguntur;
1168 3282 1311 3358 imprimis
1335 3281 1368 3338 de

223 3383 310 3441 rebus
341 3388 409 3442 ante
439 3382 652 3460 expeditionem
685 3386 776 3459 gestis
807 3391 842 3443 ut
873 3385 1009 3443 carminis
1038 3383 1224 3461 Apolloniani
1254 3383 1367 3440 initium

222 3483 296 3542 exile
318 3489 347 3542 et
369 3504 462 3562 paene
474 3482 629 3543 obscurum
645 3485 760 3560 longius
776 3486 982 3568 explicaretur,
998 3484 1077 3544 haud
1090 3505 1185 3562 pauca
1200 3485 1367 3562 eDionysio

223 3590 363 3661 excerpta
396 3605 458 3644 esse
490 3585 537 3644 vel
566 3606 602 3645 ex
634 3587 670 3646 iis
704 3607 780 3664 quae
812 3587 847 3645 de
879 3588 1045 3666 fragmento
1069 3586 1257 3663 Pherecydeo
1280 3605 1368 3662 supra

224 3675 265 3766 [p.
286 3675 333 3765 17]
357 3685 515 3763 disputavi,
549 3689 693 3765 sequitur,
717 3690 862 3766 similique
890 3691 1006 3749 ratione
1039 3709 1073 3747 ex
1097 3707 1130 3746 eo
1159 3706 1300 3746 consensu
1320 3688 1366 3763 qui

223 3789 301 3844 inter
324 3786 432 3846 Valerii
451 3788 584 3848 ultimam
607 3791 695 3866 primi
716 3790 785 3848 libri
806 3795 918 3867 partem
939 3784 990 3866 [cs.
1012 3789 1025 3846 Ι
1050 3791 1109 3849 767
1124 3783 1184 3865 sq]
1207 3787 1365 3865 etApollo·

221 3887 326 3946 dorum
350 3878 414 3968 [1'9‚
430 3889 477 3962 27,
497 3890 523 3947 1.
538 3879 567 3971 2]
587 3891 752 3962 intercedit,
775 3891 880 3966 aliquis
897 3891 1064 3968 suspicetur
1074 3910 1108 3948 ea
1121 3893 1364 3967 quaepostexpe·

221 3989 360 4047 ditionem
382 3990 451 4048 lolci
473 3990 651 4064 acciderunt,
684 3993 725 4051 ihi
752 3993 888 4068 exposita
909 3994 998 4052 fuisse
1026 3993 1198 4070 praesertim
1220 4010 1286 4049 oum
1303 4009 1365 4049 nar-

220 4091 298 4149 ratio
321 4089 518 4166 Apollodorea
540 4112 597 4151 non
619 4094 742 4153 multum
765 4113 782 4150 a
803 4093 946 4170 Dionysio
969 4089 1017 4170 [ci.
1044 4093 1162 4152 Diodor.
1186 4114 1209 4152 c.
1225 4096 1273 4163 50,
1291 4093 1317 4150 l.
1335 4085 1364 4166 2]

221 4191 321 4250 distet.
364 4191 406 4249 At
435 4192 529 4251 multo
562 4194 702 4252 audacius
732 4198 826 4252 totam
849 4192 992 4252 Hesionae
1017 4192 1146 4251 fabulam
1169 4215 1205 4251 ex
1227 4212 1361 4252 commen·

221 4293 299 4350 tario
312 4290 444 4349 Valerius
465 4290 598 4352 hausisse
620 4295 778 4365 conicitur;
803 4296 890 4352 immo
907 4295 966 4354 alia
980 4296 1094 4354 ratione
1107 4301 1210 4372 poetas
1223 4293 1362 4352 Romanos

221 4395 477 4465 grammaticorum
510 4391 686 4451 Graecorum
709 4414 764 4472 ope
795 4414 864 4454 usos
894 4415 956 4454 esse
980 4395 1123 4471 siquando
1150 4402 1184 4454 ut
1207 4395 1361 4453 carminum

222 4496 395 4565 argumenta
427 4493 512 4550 docte
542 4502 795 4569 componerentur,
822 4495 922 4571 aliqua
944 4495 1084 4555 historiae
1106 4498 1238 4573 poeticae
1260 4496 1362 4555 notitia
