2958 4786
756 223 773 276 9
902 257 903 264 ,

186 408 349 485 berrimam
365 406 427 464 cius
439 404 566 464 fabulam
580 402 748 479 Neophroni
760 422 823 460 esse
835 401 1013 480 subreptam,
1024 423 1057 462 ea
1065 402 1231 462 Aristotelis
1242 400 1341 459 Dicae·

189 509 333 585 archique
355 505 536 585 temporibus
557 504 725 564 crederetur
743 503 914 580 creditaque
935 505 1090 562 memoriae
1111 503 1280 562 traderetur
1292 498 1325 576 ¹).

296 607 375 667 Infra
398 627 474 684 quae
495 608 572 678 inter
595 605 702 664 multas
732 624 765 662 ae
786 606 883 664 varias
905 605 1026 665 Medeae
1048 605 1212 665 fabularum
1234 606 1342 663 formas

189 711 369 770 adseruntur
392 707 429 780 [c.
444 710 493 780 55,
504 702 557 784 5]:
579 702 649 778 τινὲς
669 703 695 764 δ
718 700 879 784 ἱστοροῦσιν
901 701 952 786 ὑφ’
973 702 1105 766 Ἱππότου
1127 710 1177 766 τοῦ
1198 701 1343 783 Κρέοντος

191 802 396 887 ἐξαιτουμένην
416 808 509 886 τυχεῖν
523 804 642 884 κρίσεως
654 806 703 866 καῖ
724 811 779 867 τῶν
800 804 986 887 ἐγκλημάτων
1007 805 1266 888 ἀπολυθῆναι-σου
1280 811 1342 868 sine

194 931 303 988 magna
325 912 388 970 veri
410 911 602 969 similitudine
623 910 662 969 ad
681 909 816 969 Medeam
839 911 917 988 apud
942 911 1113 988 Euripidem
1136 931 1172 971 ne
1187 909 1223 970 ab
1243 910 1341 986 Aegeo

193 1013 321 1072 inimicis
342 1003 379 1070 in⁴
391 1011 529 1070 iudicium
545 1013 713 1070 traderetur
728 1013 880 1070 timentem
897 1013 1066 1071 referuntur
1082 1007 1129 1087 [ef.
1143 1033 1185 1072 vs.
1201 1014 1262 1070 734
1275 1008 1341 1089 sq.].

192 1117 288 1192 Atqui
311 1119 391 1174 certo
411 1113 449 1174 ad
470 1113 608 1172 iudicium
630 1113 749 1190 aliquod
779 1120 895 1192 spectat
916 1112 1032 1173 Gurcini
1053 1113 1175 1174 Medeae
1196 1114 1341 1190 fragmen·

188 1224 257 1277 ‘tum
287 1216 325 1275 ab
347 1215 509 1275 Aristotele
537 1220 686 1274 servatum
716 1213 805 1286 [rhet.
827 1215 906 1273 1123
930 1215 1053 1293 pileo
1063 1214 1096 1274 B.
1111 1213 1189 1274 FTG
1210 1235 1239 1291 p.
1250 1211 1339 1284 620]:

192 1313 279 1388 ἄλλος
298 1311 382 1388 τόπος
403 1312 433 1374 τὸ
447 1312 479 1375 ἐκ
495 1318 551 1374 τῶν
572 1309 798 1393 ἁμαρτηθέντων
817 1317 983 1394 κατηγορεῖν
1005 1309 1025 1393 ἢ
1046 1311 1257 1392 ἀπολογεῖσθαι
1281 1303 1343 1372 οἷον

191 1416 226 1478 ἐν
247 1414 279 1502 τῇ
304 1414 457 1495 Καρκίνου
479 1412 601 1500 Μηδείην
623 1411 651 1476 οῖ
681 1412 738 1493 μὲν
761 1413 967 1494 κατηγοροῦσιν
998 1409 1039 1475 du
1061 1411 1126 1487 τοὺς
1146 1411 1252 1486 παῖδας
1272 1408 1340 1474 ἀπέ-

192 1533 311 1578 κτεινεν·
335 1515 371 1578 οὐ
392 1513 552 1596 φαίνεσθαι
563 1521 634 1598 γοῦν
649 1513 766 1589 αὐτούς·
793 1511 903 1597 ἥμαρτε
929 1513 984 1595 γὰρ
1009 1507 1027 1594 ἧ
1050 1513 1176 1596 Μήδεια
1203 1515 1268 1595 περὶ
1289 1511 1343 1592 τὴν

192 1617 359 1698 ἀποστολὴν
379 1623 435 1678 ταῖν
452 1615 582 1678 παίδων·
609 1613 676 1694 ἧδ’
698 1615 879 1697 ἀπολογεῖται
914 1613 955 1677 ὅτι
985 1615 1039 1678 oia
1072 1612 1108 1678 ἂν
1137 1615 1203 1689 τούς
1228 1614 1340 1690 παῖδας,

192 1718 268 1781 ἀλλὰ
288 1719 337 1781 τὸν
355 1718 467 1782 Ἰάσονα
490 1715 525 1780 διν
547 1717 723 1781 ἀπέκτανεν·
746 1725 828 1780 τοῦτο
842 1718 896 1799 γὰρ
920 1715 1048 1799 ἥμαρτεν
1069 1713 1106 1780 δν
1125 1717 1171 1798 μὴ
1194 1715 1342 1798 ποιήσασα

191 1817 276 1901 εἴπερ
314 1823 363 1883 καῖ
401 1819 525 1902 θάτερον
564 1819 704 1900 ἐποίησεν.
755 1823 789 1882 ln
820 1823 969 1882 Peliadum
1010 1823 1126 1883 fabulae
1159 1823 1343 1882 enarratione

194 1920 237 2003 [c.
254 1920 392 2002 50-53]
429 1926 484 1984 etsi
520 1925 641 1984 Medeae
677 1925 904 1984 machinationes
937 1931 967 1982 et
1004 1924 1127 1984 artificia
1160 1942 1342 2000 summopere

192 2026 374 2103 amplificata
396 2032 426 2086 et
448 2031 590 2086 exornata
614 2034 704 2104 atque
726 2029 842 2085 omnino
864 2026 958 2084 multa
983 2025 1102 2084 mirifice
1122 2031 1257 2086 contorta
1279 2043 1342 2082 esse

193 2127 342 2199 videntur,
357 2129 452 2204 ipsum
470 2133 567 2187 tamen
584 2132 786 2204 argumentum
809 2127 930 2204 dignum
951 2133 996 2186 est
1018 2127 1049 2185 in
1071 2126 1149 2202 quod
1171 2125 1342 2184 adcuratius

192 2223 370 2306 inquiratur.
407 2229 487 2302 Quae
502 2228 584 2288 'enim
606 2229 647 2288 ibi
664 2235 823 2289 narrantur·
836 2229 966 2288 Medeam
992 2228 1156 2287 sacerdotio
1169 2226 1282 2286 Dianae
1303 2229 1342 2285 si·

193 2330 306 2389 mulato
328 2330 521 2391 Peliae-filias
544 2332 702 2408 decepisse,
732 2334 903 2392 cacumin
931 2331 1044 2408 pariete
1067 2330 1169 2389 domus
1192 2327 1342 2404 Pompeia·
1419 2347 1422 2354 ·

195 2451 250 2489 nae
272 2430 389 2510 depicta
417 2448 480 2492 esse
502 2433 689 2510 adgnouisset
711 2433 868 2505 Robertus,
891 2453 907 2492 e
928 2431 1082 2508 tragoedia
1103 2430 1258 2507 desumpta
1280 2449 1342 2487 esse

195 2534 319 2608 coniecit
334 2531 374 2608 2);
397 2554 491 2611 nsque
513 2555 581 2594 vero
604 2535 766 2594 Diodorum
790 2540 841 2594 aut
865 2537 1006 2613 piatorem
1023 2534 1059 2592 ab
1078 2533 1229 2610 Euripidis
1243 2515 1358 2589 sabula¹

194 2634 368 2712 pependisse
393 2635 468 2694 idem
500 2637 637 2712 cognovit
665 2638 800 2715 quoniam
832 2637 892 2694 illic
915 2637 1040 2694 Acastus
1062 2634 1178 2692 omnino
1208 2636 1342 2711 praeter-

191 2736 301 2808 ‚missus
328 2737 441 2796 fuisset.
485 2737 574 2796 Plura
596 2737 750 2796 adeedunt.
798 2737 861 2809 Quo
885 2738 959 2794 enim
994 2734 1061 2794 dolo
1084 2754 1165 2792 usam
1193 2752 1255 2792 esse
1282 2733 1342 2790 Me·

194 2836 278 2895 deam
301 2837 425 2896 tradunt
447 2839 608 2897 Pausanias
626 2833 835 2916 [V11111‚2]:
859 2831 896 2909 τός
908 2826 964 2915 γὰρ
980 2832 1018 2914 δὴ
1034 2831 1150 2914 ἀφίκετο
1174 2829 1193 2912 ἡ
1212 2827 1342 2912 ’Μήδεια

87 2949 90 2954 “
194 2933 227 3006 ἐς
242 2932 364 3010 Ἰωλκόν,
388 2933 489 2996 αὐτίκα
511 2932 683 3014 ἐπεβούλευε
702 2942 740 3022 τῷ
764 2933 861 3020 Πελίᾳ
883 2935 923 3022 τῷ
943 2931 1018 3021 ἔργῳ
1038 2931 1095 3012 μὲν
1115 2930 1343 3014 συμπράσσουσα

193 3042 234 3122 τῷ
252 3026 365 3120 ’Irioovr¹
387 3041 426 3122 τῷ
447 3034 523 3120 λόγῳ
547 3035 578 3097 δὲ
599 3035 823 3117 ἀπεχθανομένη
844 3047 875 3100 et
897 3039 1016 3100 Ovidius
1035 3032 1293 3117 [met.v11297]:

346 3160 419 3199 neue
444 3141 504 3198 doli
526 3147 649 3212 cessent,
668 3141 765 3200 odium
789 3162 853 3200 cum
877 3142 998 3214 coniuge
1016 3139 1121 3197 falsum

346 3238 467 3299 Phasias
489 3240 646 3301 adsimulat
667 3242 824 3320 Peliaeque
846 3243 884 3302 ad
905 3243 1005 3302 limina
1027 3240 1153 3318 supplex

346 3342 487 3417 confugit,
681 3347 683 3350 ’

195 3439 273 3498 hune
296 3461 332 3500 ex
355 3441 499 3520 Euripide
535 3444 721 3523 desumptum
756 3467 818 3506 esse
854 3467 911 3506 non
942 3450 1051 3506 temere
1078 3444 1249 3506 concludere
1270 3442 1341 3501 mihi

195 3542 297 3602 videor
321 3563 356 3602 ex
377 3543 413 3601 fr.
430 3545 507 3605 606:

355 3631 359 3639 ’
394 3641 480 3704 alvei·
503 3641 615 3718 διδάξαι
637 3640 672 3725 δ’,
695 3634 834 3707 ὦτὲκνον
855 3667 887 3708 σε
900 3643 1059 3726 βούλομαι·

393 3738 461 3804 όταν
479 3742 536 3822 μὲν
556 3733 589 3830 ᾖς
609 3750 684 3823 παῖς,
706 3746 751 3828 μὴ
775 3744 862 3810 πλέον
876 3746 978 3820 παιδός
999 3751 1130 3828 φρονεῖν,

393 3843 426 3904 ἐν
446 3841 603 3926 παρθένοις
621 3845 653 3909 δὲ
673 3845 825 3929 παρθένου
846 3847 968 3929 τρόπους
987 3845 1070 3930 ἔχειν,

195 4088 334 4144 Dlndorfii
354 4090 543 4147 adnotatione.

295 4177 324 4249 2)
344 4179 489 4234 Archaeol.
515 4181 584 4236 Zeit.
607 4182 720 4238 XXXII.
743 4183 811 4238 1875
835 4202 862 4254 p.
885 4185 934 4236 134
949 4201 990 4252 sq.
1028 4182 1156 4237 Ceterum
1185 4199 1217 4236 ex
1246 4181 1341 4236 fabella

196 4285 266 4336 quae
284 4269 360 4338 apud
371 4268 524 4325 Diodorum
543 4276 621 4327 extat
640 4273 675 4343 [e.
689 4275 731 4340 51,
746 4273 772 4343 1]
790 4273 885 4341 ἑαυτῆς
904 4273 935 4327 δὲ
954 4273 1001 4332 τὰς
1019 4273 1074 4345 μὲν
1091 4277 1185 4342 τρίχας
1203 4264 1341 4343 δυνάμεσί

194 4372 248 4411 τισι
265 4364 407 4430 χρίσασαν
425 4360 538 4427 ποιῆσαι
557 4357 654 4421 πολιάς
676 4367 739 4417 orta
764 4367 829 4416 sunt
852 4379 923 4433 quae
942 4363 1030 4417 tradit
1049 4364 1130 4418 Clam.
1151 4361 1194 4414 Al.
1213 4367 1307 4415 strom.
1327 4361 1339 4414 l

194 4465 226 4515 p.¹
235 4447 321 4501 3631>
338 4489 342 4499 .
358 4487 363 4500 .
384 4443 497 4515 Μήδειά
515 4468 543 4503 τε
561 4444 691 4518 ἡΑἰήτου
703 4447 719 4518 ἡ
731 4453 832 4522 Κολχὶς
850 4446 942 4519 πρώτη
957 4448 1051 4526 βαφὴν
1063 4451 1164 4522 τριχῶν
1176 4444 1335 4517 ἐπενόησεν.
