2958 4786
679 280 713 334 45

111 480 189 517 rum
223 457 259 516 de
281 456 391 516 Libero
425 457 541 517 fabulas
563 457 697 534 Dionysii
726 457 763 515 de
793 455 907 516 Baccho
932 457 1046 534 Libyco
1077 459 1272 536 disputationi
1335 445 1339 469 ²

111 579 184 636 quo
205 559 268 618 loeo
290 558 484 618 barbarorum
496 552 718 635 θεολογοόμενα
734 557 966 635 exponebantur,
986 560 1193 634 praemisisset,
1214 561 1270 618 nisi

112 660 314 718 haecomnia
339 661 370 718 in
397 679 487 717 unum
515 662 670 717 coniuncta
698 659 757 718 iam
782 657 961 717 invenisset?
983 657 1079 730 Quid?
1101 659 1180 736 quod
1200 660 1270 718 Dio·
1346 700 1352 741 2.

114 763 225 840 nysius
246 762 299 819 illa
315 767 402 838 purte
424 781 483 836 qus
499 760 676 838 compilatus
693 779 756 830 esse
778 759 815 818 eb
838 761 902 836 ipso
915 759 1044 819 Diodoro
1066 761 1183 833 dieitur,
1197 761 1271 821 odeo
1352 746 1360 771 i

116 864 229 922 similia
260 861 376 920 dnobus
409 863 513 920 ueteris
545 860 581 919 de
603 860 712 918 Libero
740 859 810 918 loeis
833 859 986 919 Diodorsis
1005 862 1119 938 profert
1137 869 1173 921 ut
1192 863 1270 921 idem

116 966 221 1024 omnia
249 964 401 1040 scripsisse
439 964 503 1022 fieri
542 982 601 1020 uon
632 963 728 1038 possit
760 961 832 1037 quin
862 961 1015 1037 probetur.
1067 961 1114 1020 Illi
1146 962 1271 1022 debetur

121 1065 260 1126 Bacchus
292 1064 329 1123 ub
358 1066 502 1124 universis
534 1063 671 1140 gentibus
700 1068 824 1141 propter
854 1063 961 1120 merita
982 1064 1089 1122 divinis
1110 1063 1271 1124 honoribus
1312 1111 1316 1118 .

12 1221 13 1234 ,
117 1167 219 1225 cultus
245 1197 280 1206 -
306 1167 450 1225 universis
481 1167 555 1224 enim
588 1162 754 1222 hominibus
787 1163 927 1222 beneficio
960 1183 1013 1222 sus
1046 1165 1210 1242 impertivit
1233 1185 1271 1222 ne

117 1268 284 1345 asperioris
306 1267 422 1344 quidem
446 1267 518 1325 caeli
539 1265 709 1326 nationibus
720 1264 863 1341 neglectis
885 1265 937 1323 sed
958 1267 1026 1326 vitis
1043 1268 1108 1326 loeo
1122 1273 1187 1327 erto
1208 1288 1269 1327 eer-

12 1409 13 1416 ι
117 1370 230 1429 vesium
251 1369 288 1428 de
312 1368 423 1427 hordeo
444 1368 587 1445 coquendi
608 1368 739 1426 donatis:

321 1470 364 1528 111
385 1472 436 1541 73,
454 1473 472 1528 6
930 1471 988 1530 1111
1004 1472 1065 1543 2,5

12 1585 13 1654 ἶ
116 1577 160 1656 spi
185 1569 212 1629 δ’
234 1567 315 1654 αὐτῷ
342 1565 440 1654 τρόπῳ
472 1569 561 1649 φασίν
586 1567 670 1628 ἐπελ·
723 1566 840 1628 ἐπιόντα
874 1565 908 1630 δὲ
940 1569 1040 1648 σχεδὸν
1066 1565 1133 1650 όλην
1151 1569 1206 1651 τὴν
1226 1571 1271 1631 oi·

12 1709 14 1744 η
118 1675 191 1733 θεῖν
212 1670 267 1750 τὴν
287 1667 457 1749 οἰκουμένην
480 1669 671 1749 ἐξημεροῦντα
722 1666 863 1750 καομένην
884 1671 996 1750 πολλὴν
1014 1669 1115 1751 χώραν
1128 1670 1268 1752 ἐξημερῶ-

115 1772 179 1852 μὲν
199 1773 253 1852 τὴν
269 1769 371 1852 χώραν
391 1775 452 1843 ταῖς
473 1768 608 1850 φυτείαις,
623 1768 669 1830 εὐ·
723 1791 771 1831 σαι
800 1773 850 1831 καί
882 1769 930 1832 διὰ
962 1777 1044 1832 τοῦτο
1073 1777 1165 1850 τυχεῖν
1191 1771 1270 1851 παρὰ

12 1871 13 1874 “
116 1880 291 1954 εργετοῦντα
324 1871 354 1934 δέ
381 1869 446 1943 τοὺς
473 1869 562 1943 λαοὺς
580 1868 670 1949 μεγά-
724 1877 792 1932 πᾶσι
812 1870 954 1953 μεγίστων
976 1879 1072 1951 τιμῶν.

117 1981 186 2048 λαις
205 1979 302 2053 τιμαῖς
323 1974 372 2033 καὶ
402 1963 500 2051 χάρισι
530 1969 601 2052 πρὸς
626 1970 672 2032 τὸν

12 2061 14 2108 ί
118 2075 227 2135 αἰῶνα.
251 2071 296 2132 διὸ
318 2073 367 2132 καί
401 2065 508 2146 πάντας
535 2072 600 2145 τοὺς
625 2065 671 2132 όιν·

118 2166 267 2254 θρώποις
293 2173 326 2235 ἐν
356 2180 417 2249 ταῖς
445 2173 517 2253 πρὸς
538 2173 603 2246 τοὺς
622 2171 670 2234 ἀλ·

12 2317 13 2352 3
122 2281 194 2349 λους
228 2274 317 2348 θεοί-’ς
351 2281 445 2352 τιμαῖς
480 2273 532 2355 οὐχ
568 2272 674 2353 ὁμοίαν

12 2375 13 2388 ἦ
119 2373 240 2457 ἔχοντας
251 2375 417 2456 προαίρεσιν
427 2374 563 2455 ἀλλήλοις
574 2373 673 2455 σχεδὸν

12 2467 14 2528 s
119 2477 172 2539 ἐπί
181 2475 276 2556 μόνου
290 2475 489 2538 τοῦΛιονό-σου
500 2497 671 2558 συμφωνου-

12 2603 13 2608 “
118 2574 212 2657 μένην
231 2574 432 2638 ἀποδεικνύειν
445 2574 609 2656 μαρτυρίαν
622 2583 674 2656 τῆς

121 2675 304 2750 ἀθανασίας·
326 2675 431 2739 οὐδένα
452 2677 508 2759 γὰρ
525 2673 594 2738 οὗθ’
607 2674 671 2736 Ἓλ-

12 2787 13 2796 '
121 2778 222 2860 λήνων
258 2777 323 2840 οὔτε
357 2777 516 2859 βαρβάρων
550 2776 672 2858 ἀμοιρον

122 2875 200 2945 εἶναι
221 2887 273 2959 τῆς
293 2878 393 2940 τούτου
418 2879 527 2958 δωρεᾶς
551 2879 600 2938 καί
620 2876 672 2957 χιί-
722 2871 816 2953 εὑρεῖν
849 2874 875 2934 δ’
908 2872 995 2936 αὐτὸν
1027 2876 1076 2936 καί
1103 2875 1134 2936 τὸ
1159 2874 1191 2937 ἐκ
1219 2880 1270 2956 τῆς

12 2985 13 3000 ’
105 3005 207 3064 ,ριτος,
231 2979 375 3042 ἀλλὰκαὶ
401 2978 465 3052 τοὺς
490 2974 671 3059 ἀπηγριωμέ-
723 2978 830 3054 κριθῆς
846 2973 1129 3054 κατασκευαζόμενον
1143 2973 1224 3054 πόμα
1237 2976 1269 3037 τό

12 3145 13 3168 η
124 3107 176 3163 νην
194 3080 309 3164 ἔχοντας
317 3080 420 3161 χώραν
435 3075 455 3160 ἢ
469 3078 540 3158 πρὸς
553 3075 673 3160 φυτείαν
724 3074 1006 3157 προςαγορευόμενου
1029 3075 1085 3154 μέν
1107 3073 1158 3137 ἀπ’
1184 3075 1270 3138 ἐνίων

12 3211 14 3266 η
124 3181 258 3262 ἀμπέλου
285 3185 427 3254 παντελῶς
444 3176 671 3261 ἀπηλλοτριωμέ·
722 3172 820 3248 ζῦθος,
841 3173 875 3234 οὗ
899 3173 972 3235 πολὺ
988 3175 1019 3237 δὲ
1033 3175 1204 3255 λειπόμενον
1218 3175 1269 3256 τῆς

12 3279 13 3320 ³
124 3308 176 3363 την
200 3285 314 3361 μαθεῖν
334 3282 365 3344 τὸ
392 3278 674 3357 κατασκευαζόμενον
724 3278 788 3355 περὶ
810 3275 857 3337 τὸν
877 3268 956 3336 οἶνον
976 3275 1114 3351 εὐωδίας·
1134 3283 1215 3338 τοῦτο
1238 3277 1269 3340 δὲ

124 3385 158 3446 ἐκ
180 3389 235 3444 τῶν
255 3386 367 3464 κριθῶν
388 3380 469 3461 πόμα
498 3380 593 3461 βραχὺ
618 3383 672 3442 ist·
724 3377 837 3452 διδάξαι
866 3377 930 3452 τοὺς
953 3370 1055 3460 χώραν
1083 3375 1197 3458 ἔχοντας
1222 3378 1268 3458 μὴ

124 3485 253 3564 πόμενον
286 3491 337 3564 τῆς
366 3484 430 3563 περὶ
456 3481 504 3543 τόν
529 3475 607 3542 οἶνον
625 3480 672 3542 ssi·
725 3477 885 3560 δυναμένην
917 3475 1101 3559 ἐπιδέχεσθαι
1134 3477 1188 3559 τὴν
1219 3485 1271 3560 τῆς

12 3617 14 3656 r
124 3585 222 3661 ωδίας.
456 3613 460 3626 ·
724 3579 855 3660 ἀμπέλου
877 3577 1006 3662 φυτείαν.

123 3693 167 3750 illi
179 3691 324 3750 debentur
339 3688 441 3768 populi
452 3677 551 3745 Liberi
566 3684 759 3746 humanitatis
771 3693 801 3746 et
812 3686 959 3744 comitatis
980 3685 1059 3742 sams
1080 3685 1141 3742 siue
1163 3682 1269 3760 pugnis

124 3794 170 3853 vel
190 3791 397 3852 certaminibus
419 3789 540 3848 devicti:

325 3891 367 3949 111
384 3893 433 3963 73,
450 3891 467 3947 5
921 3886 963 3944 ΙΙΙ
986 3889 1034 3959 65,
1055 3887 1068 3942 l

126 3989 216 4071 πάντη
237 3989 268 4052 δέ
290 3985 488 4067 διαδιδομέιης
503 3989 568 4066 περὶ
584 3985 674 4049 αὐτοῦ
724 3984 926 4066 διαβοηθείσης
953 3982 985 4046 δὲ
1008 3981 1081 4043 κατὰ
1103 3979 1195 4042 πάντα
1223 3979 1268 4042 τό·

12 4087 13 4136 i
126 4093 228 4174 φήμης
259 4091 380 4172 ἀγαθῆς
402 4086 513 4169 μηδένα
535 4086 673 4169 καθάπερ
724 4110 779 4148 πον
799 4093 850 4166 τῆς
869 4093 918 4148 τοῦ
940 4088 1015 4146 θεοῦ
1037 4080 1196 4163 παρουσίας
1220 4083 1269 4142 καί

127 4192 197 4274 πρὸς
213 4179 585 4269 πολέμιονάντιτάττεσθαι,
601 4188 672 4250 ποίν-
724 4186 794 4250 διόπ
815 4187 905 4248 πᾶσιν
925 4186 1053 4256 ἐπιεικῶς
1073 4179 1267 4262 προςφερόμε-

112 4301 175 4368 Ιτας
208 4292 240 4355 δέ
275 4290 437 4373 προθύμως
475 4289 675 4367 όπακοόουτας
724 4313 770 4364 νος
792 4287 883 4350 πολλὰ
906 4284 1099 4367 συμβάλλεται
1122 4281 1193 4364 πρὸς
1215 4281 1270 4362 τὴν

127 4394 255 4469 ἐπαίνοις
275 4395 324 4456 καί
343 4392 459 4470 θυσίαις
483 4393 521 4470 ὡς
542 4394 613 4456 θεὸν
633 4419 672 4455 τι·
723 4387 898 4472 ἐξημέρωσιν
918 4394 968 4450 τοῦ
990 4393 1086 4449 κοινοῦ
1109 4383 1175 4465 βίου
1198 4409 1267 4446 παν-

127 4505 198 4581 μᾶν.
725 4494 808 4574 δημεί
832 4499 972 4554 συναντᾶν
989 4479 1068 4577 stirpi
1088 4490 1138 4550 καί
1157 4484 1269 4570 προςδό·

721 4596 831 4674 χεσθαι
850 4592 924 4671 μετὰ
943 4588 1169 4678 πολλῆςιχαρᾶς.
