2958 4786
367 447 464 504 11114
958 443 1000 501 lll
1022 447 1062 501 el
1093 459 1096 466 “

189 525 392 626 μυθολογοῦσι
425 541 457 607 δέ
488 566 557 617 τινες
589 546 638 604 καὶ
687 539 817 620 δεύτερον
842 539 874 602 δὲ
898 543 1097 622 μυθολογοῦσι
1120 537 1259 621 γενέσθαι
1281 539 1343 600 Δι-

187 641 286 724 ίὲτερον
318 642 460 706 Διόνυσον
491 640 637 724 γεγονέναι
688 641 789 704 ύνυσον
810 641 842 703 ἐκ
866 641 936 715 Διὸς
955 643 1005 703 καί
1028 633 1223 722 Περσεφόνης,
1246 638 1284 714 ῶς
1303 639 1346 703 δέ

192 745 265 807 πολύ
300 750 358 818 τοῖς
389 741 503 824 χρόνοις
540 767 637 822 προτε-
687 765 765 816 τινες,
790 741 822 804 ἐκ
849 741 1017 823 Δήμητρος·
1052 748 1151 804 τοῦτον
1172 741 1204 804 δὲ
1224 765 1344 822 παρεις-

191 855 296 928 ροῦντα
318 845 427 909 τούτου.
449 847 522 927 φασί
536 845 592 926 γάρ
606 844 638 906 ἐκ
688 843 788 926 άγουσι
811 851 924 922 πρῶτον
939 848 1011 924 βοῦς
1030 841 1079 904 ἀπ’
1101 842 1223 925 ἀροτρον
1243 842 1345 918 ζεῦξαι

192 947 263 1022 Διὸς
287 949 336 1008 καί
358 944 547 1029 Περσεφόνης
567 945 637 1008 Διό·
688 945 718 1007 τὸ
742 945 797 1027 πρὸ
820 951 870 1006 τοῦ
899 947 964 1018 ταῖς
988 946 1072 1025 χερσί
1092 951 1147 1006 τῶν
1168 943 1346 1022 ἀνθρώπων

192 1069 277 1110 νυσον
296 1045 456 1130 γενέσθαι.
476 1097 483 1111 .
506 1098 513 1112 .
600 1100 606 1113 .
632 1099 639 1113 .
688 1047 741 1129 τὴν
759 1053 817 1129 γῆν
837 1043 1090 1127 κατεργαζομένων
1106 1094 1341 1110 ........

190 1147 303 1231 λέγουσι
332 1146 358 1210 δ’
391 1143 478 1212 αὐτὸν
508 1148 639 1233 ἀγχινοίᾳ
663 1208 665 1213 ,
689 1148 861 1231 παράσημον
882 1144 908 1209 δ’
923 1145 1001 1235 αὐτῷ
1024 1147 1137 1228 ποιῆσαι
1152 1145 1260 1229 κέρατα
1275 1145 1348 1223 τούς

192 1251 343 1332 διενεγκεῖν
369 1252 418 1312 καί
445 1256 557 1330 πρῶτον
577 1249 638 1312 ε’πι-
689 1248 948 1324 κατασκευάζοντας
968 1248 1145 1330 τάςγραφδις
1167 1245 1186 1329 ἢ
1208 1248 1274 1323 τοὺς
1288 1248 1344 1310 ἀν-

189 1359 324 1435 χειρῆσαι
338 1353 409 1432 βούς
428 1350 572 1434 ζευγνύειν
590 1355 639 1414 καί
689 1350 823 1434 δριάντας
843 1348 907 1430 ἅμα
930 1348 986 1430 μὲν
1001 1349 1153 1430 δηλοῦντας
1174 1346 1275 1430 ἑτέραν
1289 1357 1347 1412 τοῦ

192 1444 239 1515 διά
261 1451 367 1514 τούτων
388 1453 436 1514 τὸν
457 1451 565 1534 σπάρον
585 1459 640 1515 τῶν
690 1452 835 1516 Διονύσου
856 1451 952 1534 φύσιν,
980 1447 1043 1529 ἅμα
1065 1449 1096 1512 δὲ
1122 1449 1181 1513 ἀπὸ
1203 1457 1251 1536 τῆς
1272 1453 1345 1532 περί

192 1559 311 1634 καρπῶν
340 1552 490 1614 ἐπιτελεῖν·
521 1553 574 1634 ἀφ’
604 1539 642 1615 ού
689 1554 720 1616 τὸ
758 1554 879 1634 ἄροτρον
912 1549 1048 1632 εὑρέσεως
1082 1550 1277 1633 ἐμφαίνοντας
1311 1552 1348 1614 τὸ

193 1654 231 1736 δὴ
247 1656 297 1717 καί
308 1653 442 1735 κερατίαν
458 1653 546 1717 αὐτὸν
567 1679 639 1735 παρ·
690 1653 818 1737 μέγεθος
837 1659 889 1735 τῆς
909 1650 1107 1733 ἐπινοηθείσης
1124 1655 1181 1726 τοῖς
1202 1657 1349 1734 γεωργοῖς

192 1753 341 1837 ειςάγουσι.
691 1754 864 1837 είχρηστίας.
1005 1773 1007 1775 ’

193 1860 245 1918 sed
267 1863 354 1919 etiam
370 1861 503 1938 quemvis
524 1862 624 1938 inepte
646 1862 752 1919 iterum
768 1860 806 1918 ad
818 1859 946 1918 Semelae
961 1859 1052 1918 filium
1075 1857 1177 1936 pedem
1193 1859 1348 1918 Diodorus

191 1962 283 2019 refert
303 1968 392 2038 atque
413 1961 443 2019 id
466 1981 499 2018 eo
522 1963 586 2038 ipso
608 1961 670 2020 loco
694 1982 752 2038 quo
780 1981 871 2038 supra
900 1961 997 2019 monui
1015 1969 1090 2017 'eum
1113 1960 1149 2017 de
1168 1961 1349 2019 inventione

194 2062 252 2122 ulia
274 2067 363 2139 atque
389 2063 418 2120 in
440 2061 516 2120 libro
537 2063 627 2121 tertio
649 2063 767 2122 tradere
780 2057 820 2138 [c.
836 2065 864 2132 4,
879 2057 928 2139 2]:
952 2056 1071 2134 καίτὸν
1088 2055 1146 2134 μὲν
1167 2055 1199 2118 ἐκ
1213 2053 1352 2138 Σεμέλης

194 2156 348 2241 γενόμενον
362 2157 394 2220 ἒν
405 2163 463 2233 τοῖς
477 2156 621 2240 νεωτέροις
637 2158 750 2240 χρόνοις
769 2161 842 2242 φασί
863 2165 903 2247 τῷ
923 2156 1032 2238 σώματι
1049 2155 1186 2240 γενέσθαι
1198 2159 1350 2242 τρυφερὸν

194 2261 243 2320 καί
266 2263 407 2334 παντελῶς
435 2257 558 2334 ἁπαλόν,
589 2259 745 2346 εὐπρεπείᾳ
774 2259 806 2323 δὲ
828 2259 901 2322 πολύ
920 2266 976 2321 τῶν
997 2258 1092 2320 ἀλλων
1116 2259 1267 2340 διενεγκεῖν
1288 2263 1350 2322 καί

193 2359 264 2439 πρὸς
283 2359 331 2433 τάς
352 2358 558 2440 ἀφροδισιακὰς
586 2357 696 2440 ,ἡδονὰς
715 2359 917 2442 εὐκατάφορον
936 2356 1099 2441 γεγονέναι·
1128 2360 1202 2421 κατὰ
1231 2358 1263 2422 δὲ
1289 2361 1350 2437 τὰς

195 2458 342 2538 στρατείας
361 2465 505 2541 γυναικῶν
532 2462 648 2539 πλῆθος
668 2460 860 2543 περιάγεσθαι
886 2456 1136 2538 καθωπλισμένων
1160 2450 1275 2540 λύγχατς
1294 2483 1348 2522 τε·

195 2558 406 2641 θυρσωμέναις.
449 2565 527 2624 Haec
550 2585 639 2642 supra
662 2567 704 2624 ita
727 2567 806 2626 dicte
828 2570 910 2624 sunt:
936 2563 1053 2635 [ulta
1068 2563 1100 2636 6]
1121 2557 1349 2639 ...γενόμενον

194 2659 226 2723 δὲ
247 2667 285 2748 τῷ
306 2661 403 2724 κάλλει
425 2661 565 2743 διάφορον
586 2662 617 2725 τὸ
637 2661 693 2742 μὲν
710 2669 821 2744 πρῶτον
843 2662 875 2724 έν
890 2659 1018 2743 χορείαις
1036 2661 1086 2722 καί
1106 2667 1250 2740 γυναικῶν
1269 2659 1346 2722 trct-

194 2782 253 2836 σοις
272 2764 321 2824 καί
344 2764 512 2850 παντοδαπῇ
535 2771 627 2850 τρυφῇ
649 2765 698 2825 καί
713 2763 815 2850 παιδιᾷ
829 2762 981 2824 διατελεῖν·
1002 2761 1076 2840 μετὰ
1097 2759 1129 2822 δὲ
1150 2766 1238 2821 ταῦτα
1253 2781 1347 2839 στρα-

193 2860 313 2923 τόπεδον
326 2867 400 2941 κτλ.,·
423 2887 517 2944 neque
529 2865 635 2926 Bacchi
656 2867 787 2926 habitum
810 2873 840 2926 et
859 2868 975 2924 nomina
997 2864 1228 2941 Satyrorumque
1249 2866 1348 2923 comi-

194 2972 289 3026 tatum
311 2968 370 3026 illic
403 2969 490 3045 longe
522 2967 670 3044 descripta
700 2967 738 3026 ab
770 2967 825 3026 hoc
856 2967 919 3025 loco
949 2967 1044 3026 aliene
1064 2985 1126 3025 esse
1148 2965 1270 3042 adparet
1293 2963 1346 3026 his

195 3068 290 3127 verbis
313 3063 351 3145 [c.
368 3069 417 3140 64,
433 3063 464 3146 7]
484 3063 555 3146 πρὸς
574 3064 607 3127 δὲ
627 3063 733 3140 τούτοις
747 3071 895 3145 πανταχοῦ
916 3061 1087 3145 πανηγύρεις
1107 3059 1187 3144 ἀγειν
1205 3063 1255 3122 καί
1265 3084 1346 3141 μου-

195 3163 290 3240 σικούς
312 3165 426 3248 ἀγῶνας
447 3169 587 3229 συντελεῖν
615 3190 679 3228 cum
712 3170 769 3228 illis
797 3172 963 3247 conparatis
994 3164 1031 3245 [c.
1045 3171 1074 3240 5,
1087 3164 1134 3246 4]:
1155 3165 1287 3225 καθόλου
1306 3163 1345 3227 δὲ

194 3272 292 3328 τοῦτον
311 3270 478 3347 θυμελικῶν
505 3265 625 3348 άγιύνων
646 3267 736 3348 φασίν
756 3263 875 3346 εύρετὴν
891 3263 1027 3346 γενέσθαι
1048 3267 1098 3326 καί
1118 3261 1230 3344 θέατρα
1251 3285 1344 3324 κατα-

195 3366 285 3442 δεῖξαι
306 3369 354 3428 καί
381 3373 527 3446 μουσικῶν
552 3367 743 3448 ἀκροαμάτων
769 3365 900 3446 σύστημα
922 3364 1113 3446 ποιήσασθαι.
1156 3369 1344 3445 Quamquam

194 3471 287 3547 igitur
308 3473 352 3530 ite
374 3457 520 3544 Diodorus
542 3489 603 3529 rem
631 3471 761 3529 instituit
783 3475 817 3529 ut
839 3489 914 3546 quae
936 3470 995 3528 illic
1016 3471 1080 3528 fuse
1101 3474 1272 3548 exponeret,
1292 3469 1346 3528 hic

195 3573 241 3631 vel
263 3574 514 3650 praetermitteret
542 3575 588 3632 vel
618 3572 747 3633 breviter
768 3573 963 3646 contraheret,
993 3578 1091 3632 tamen
1115 3575 1142 3632 ei
1162 3593 1220 3632 non
1243 3573 1346 3631 evenit

195 3679 230 3732 ut
250 3674 304 3733 hos
325 3675 398 3734 dnos
419 3676 498 3734 locos
521 3697 579 3735 non
605 3678 732 3736 eluceret
756 3697 811 3756 pro
837 3697 895 3736 uno
917 3676 1075 3754 eodemque
1096 3675 1243 3735 habendos
1267 3695 1343 3736 asse.

194 3774 338 3845 Quoniam
359 3775 409 3834 ubi
432 3776 608 3837 Graecorum
630 3779 754 3838 historia
784 3778 925 3838 fabularis
957 3779 1125 3856 exponitur,
1147 3795 1242 3854 pauca
1261 3777 1341 3836 inse-

195 3879 302 3933 runtur
317 3877 457 3936 nonnulle
470 3883 624 3938 mutantur
646 3880 741 3938 omnia
764 3880 839 3939 male
862 3885 892 3938 et
910 3881 1010 3957 inepte
1025 3879 1232 3956 disponuntur,
1249 3897 1344 3955 supra

194 3995 292 4034 rerum
314 3979 415 4037 ordine
440 3985 557 4039 servato
590 3981 685 4038 oratio
717 3985 797 4039 recte
824 3985 853 4038 et
881 3981 1020 4037 concinne
1051 3979 1127 4054 fluit,
1161 3977 1237 4038 hunc
1259 3979 1344 4038 tertii

193 4077 262 4136 libri
283 4078 379 4138 locum
402 4085 530 4140 auctoris
551 4082 675 4156 vestigia
697 4102 796 4159 presse
829 4087 946 4142 secutus
973 4080 1119 4140 Diodorus
1150 4081 1343 4158 descripsisse

196 4179 322 4250 videtur,
345 4181 466 4239 eundem
491 4183 600 4259 quippe
631 4183 682 4258 qui
715 4183 753 4241 ad
777 4181 954 4242 Graecorum
982 4177 1228 4260 μυθολογούμενα
1249 4182 1343 4258 perti·

195 4285 280 4339 neret
301 4275 352 4357 [cf.
375 4277 523 4358 c.62‚1]‚
546 4283 584 4341 ad
605 4283 673 4343 libri
694 4287 792 4360 quarti
824 4286 938 4344 initium
966 4285 1161 4345 transtulisse.
1207 4284 1342 4362 Adparet

196 4382 272 4439 enim
295 4383 417 4442 eundem
437 4385 488 4461 qui
510 4405 534 4442 c.
552 4386 591 4442 64
603 4391 633 4443 et
646 4385 683 4444 65
708 4386 835 4464 scripsit,
857 4390 952 4445 totum
975 4386 1052 4446 hunc
1076 4386 1231 4446 deLiberc
1244 4386 1340 4444 locum

196 4480 264 4540 inde
285 4501 303 4540 a
326 4502 349 4542 c.
373 4485 412 4544 62
433 4503 526 4561 usqne
549 4485 586 4545 ed
609 4507 633 4546 c.
649 4487 687 4546 66
721 4488 925 4566 composuisse.
976 4489 1021 4546 An
1045 4487 1190 4572 Diodorus
1214 4485 1338 4546 Graeco·
