2958 4786
745 203 763 264 4

184 387 319 468 Dionysii
340 389 507 464 fragmenta
529 387 648 447 scholiis
670 388 872 472 Apollonianis
891 390 1002 449 inserta
1026 411 1090 449 cum
1114 393 1155 450 eis
1176 389 1336 468 6660160-

182 493 271 552 dorus
294 490 330 550 de
352 487 589 567 Argonautarum
612 487 719 547 fabulis
744 488 815 560 [llll
829 511 852 548 c.
866 489 1002 563 40—56]
1017 491 1119 563 tradit,
1144 497 1208 550 arte
1228 491 1335 551 cohae-

182 613 248 652 rere
270 598 300 652 01
322 592 360 650 66
382 596 477 650 totum
500 589 580 648 illius
603 589 796 648 enarrationis
818 595 947 648 tenorem
968 594 1078 669 optimc
1100 593 1246 669 quadrare
1265 613 1334 652 cum

182 695 249 754 olim
286 694 340 752 viri
380 691 459 750 docti
492 691 697 768 cognovissent
711 686 743 766 ¹),
777 691 937 750 Diodorum
979 693 1121 770 Dionysio
1153 695 1335 770 Mytilenaeo

137 806 139 819 ⁴
183 798 302 854 auctore
334 813 420 853 usum
453 812 516 852 esse
543 792 617 851 adeo
641 791 732 849 firmis
763 794 943 868 argumentis
967 793 1138 853 Welckerus
1161 792 1334 872 probavit2)

185 901 333 972 utusque
355 895 393 952 66
415 894 493 953 hunc
516 894 592 951 diem
613 913 712 956 omues
734 895 798 952 viro
820 894 1041 971 incomparabili
1065 894 1282 960 adsentirentur
1297 914 1334 952 ac

181 995 297 1054 fabulas
321 997 535 1073 Argonauticas
570 1014 643 1071 quas
676 1015 694 1052 a
722 996 827 1054 ceteris
850 993 1027 1056 Graecorum
1050 995 1157 1054 fabulis
1187 989 1333 1074 sepositas

183 1116 240 1155 660
252 1096 435 1156 tenoreinde
456 1096 584 1155 aPeliae
599 1095 737 1154 mandato
752 1115 846 1173 usque
860 1097 897 1155 ad
911 1097 1031 1156 Medeae
1047 1099 1076 1156 in
1093 1087 1192 1156 Asiam
1202 1098 1333 1158 reditum

185 1197 474 1270 Diodorusenarrat,
486 1198 524 1257 ad
540 1217 627 1256 unam
646 1217 743 1256 ornnes
756 1218 772 1255 e
787 1196 931 1275 Dionysio
945 1204 1078 1276 sumptas
1097 1219 1159 1258 0000
1171 1205 1331 1259 006016601.

181 1298 283 1376 Neque
295 1319 363 1359 vero
376 1299 538 1359 Diodorum
556 1319 629 1376 quas
645 1301 676 1357 in
688 1299 768 1374 Argo
782 1299 905 1358 nominis
923 1300 1092 1376 veriloquiis
1108 1301 1287 1378 exponendis
1300 1307 1333 1360 et

183 1401 214 1460 in
229 1401 362 1460 Herculis
383 1402 486 1460 Phrixi
511 1401 614 1460 Phinei
635 1400 723 1459 rebus
753 1401 908 1459 narrandis
930 1401 1095 1460 fabularum
1116 1403 1331 1480 discrepantias

181 1501 320 1576 adtert3),
339 1523 389 1562 eas
411 1505 447 1562 de
468 1523 521 1562 suc
542 1504 660 1578 ingenio
682 1503 728 1560 vel
747 1501 881 1560 doctrina
904 1503 1042 1562 adiecisse
1064 1503 1131 1563 licet
1154 1504 1331 1564 contendere

182 1607 253 1682 quia
268 1605 385 1663 eaedem
408 1604 496 1662 semel
510 1601 627 1662 scholiis
640 1603 850 1681 Apollonianis,
874 1602 918 1662 bis
943 1609 972 1662 et
987 1604 1187 1682 Apollonianis
1210 1611 1239 1665 et
1259 1605 1330 1664 Pin-

181 1706 287 1764 daricis
300 1706 345 1765 vel
364 1704 530 1782 Euripideis
553 1706 661 1764 insunt.
684 1704 809 1763 Adsedit
831 1705 909 1780 quod
933 1710 964 1763 et
986 1725 1060 1782 quae
1082 1705 1118 1765 de
1139 1726 1212 1764 nave
1228 1708 1329 1766 arietis

183 1806 308 1883 effigiem
331 1808 360 1864 in
391 1809 495 1864 rostris
518 1805 629 1864 ferente
652 1825 687 1863 ex
710 1804 799 1865 schol.
820 1805 918 1882 Apoll.
940 1807 1028 1864 1256
1049 1808 1188 1884 exscripsi
1204 1812 1233 1865 et
1254 1827 1329 1884 quae

181 1910 211 1966 in
233 1908 323 1967 schel.
346 1908 443 1984 Apoll.
469 1905 526 1966 llll
548 1909 607 1964 177
641 1927 705 1964 cum
740 1906 828 1966 schol.
850 1906 922 1966 Eur.
949 1907 1065 1966 Μο6.5
1098 1911 1248 1968 concinere
1280 1908 1327 1967 de·

182 2010 352 2080 monstravi,
381 2009 439 2067 illis
471 2009 542 2067 locis
576 2009 708 2086 proxime
737 2006 773 2064 ab
799 2010 865 2085 ipsa
887 2009 1017 2084 Dionysii
1045 2011 1190 2067 mentione
1210 2009 1327 2068 absunt.

109 2145 116 2193 ἰ
181 2109 249 2169 11160
271 2112 363 2188 igitur
386 2109 598 2188 discrepantias
620 2129 637 2167 a
659 2107 800 2184 Dionysio
829 2112 939 2187 quippe
967 2129 1051 2186 quem
1074 2109 1205 2169 60106661
1228 2116 1327 2188 poeta·

181 2231 246 2271 rum
280 2213 517 2289 scriptorumque
548 2211 718 2286 testimonia
756 2211 904 2287 adponere
937 2211 1055 2268 solitum
1088 2231 1152 2270 esse
1184 2211 1328 2270 Diodorus

99 2316 101 2333 '
128 2355 130 2360 -
181 2314 245 2392 ipse
265 2313 346 2372 61061
369 2307 552 2396 [11166,6]:
577 2309 748 2388 παρατιθεὶς
765 2307 798 2368 τὰ
820 2307 970 2390 ποιήματα
997 2314 1052 2369 τῶν
1072 2296 1203 2390 ἆρχαὶων
1223 2314 1277 2369 τῶν
1300 2332 1329 2371 τε

180 2403 358 2490 μυθολόγων
384 2411 434 2471 καὶ
456 2415 511 2480 ,τῶν
532 2415 661 2490 ποιητῶν,
685 2414 846 2472 narrationi
873 2415 997 2471 insertas
1024 2433 1087 2472 esse
1101 2409 1127 2491 4)
1154 2432 1211 2472 neo·
1234 2415 1329 2472 minus

115 2577 119 2589 ¹
180 2522 259 2574 recte
280 2515 428 2593 Apollonii
454 2514 573 2573 Pindari
595 2515 748 2592 Euripidis
776 2514 949 2572 scholiorum
973 2521 1142 2575 concentum
1164 2515 1328 2592 aDionysii

117 2656 122 2700 3
181 2615 218 2674 ab
239 2601 373 2699 omnibus
398 2617 540 2696 exscripti
567 2617 744 2676 auctoritate
771 2617 865 2694 repeti
893 2615 981 2684 firmo,
1005 2622 1095 2692 61660
1122 2622 1202 2674 00610
1222 2615 1328 2680 1661010

119 2712 125 2804 ’,
181 2719 348 2795 660666110.
393 2717 477 2790 Quod
504 2737 574 2777 vero
603 2717 681 2795 apud
708 2717 867 2776 Diodorum
895 2737 982 2795 saepe
1008 2717 1072 2774 hiat
1097 2720 1202 2787 oratio,
1230 2715 1327 2774 eadem

119 2807 123 2822 ¹
180 2807 237 2877 bis
251 2818 297 2876 601
320 2819 423 2876 iisdem
453 2818 551 2878 verbis
574 2823 742 2894 narrantur,
777 2839 911 2894 magnum
938 2819 975 2876 60
1001 2818 1099 2877 fabula
1127 2819 1226 2894 611666
1251 2818 1328 2876 16106

180 2920 342 2998 scriptores
357 2938 421 2978 esse
440 2919 603 2979 dissensum
619 2919 817 2995 compluribus
832 2920 904 2978 loeis
919 2919 1079 2978 adnotatur
1094 2916 1129 2991 5),
1146 2919 1218 2978 haec
1233 2919 1328 2977 omnia

185 3041 201 3079 0
223 3021 355 3096 Dionysii
377 3020 517 3080 librorum
539 3021 635 3080 indole
656 3041 690 3080 ac
711 3026 819 3080 661666
834 3022 991 3081 aDiodero
1013 3041 1125 3080 summa
1144 3021 1328 3098 neglegentia

184 3184 275 3238 datur.
313 3184 442 3240 Ceterum
461 3203 512 3255 660
536 3188 624 3241 661010
653 3203 751 3240 navem
779 3187 875 3240 arietis
903 3185 996 3256 effigie
1014 3189 1140 3241 ornatam
1160 3185 1328 3255 substituere

180 3291 236 3328 non
255 3274 357 3328 licebat
375 3275 430 3327 nisi
449 3291 481 3328 ea
499 3274 592 3328 tabula
604 3291 673 3343 quae
693 3275 766 3328 haud
780 3291 843 3328 raro
862 3274 964 3344 legitur
977 3292 1032 3329 606
1044 3291 1094 3343 606
1110 3290 1211 3342 aerem,
1221 3275 1267 3327 sed
1278 3291 1327 3344 per

182 3379 259 3416 mare
274 3365 360 3417 661010
379 3367 474 3418 vectos
493 3381 551 3418 esse
571 3364 702 3418 Phrixum
724 3363 869 3417 et‘Hclleu
889 3380 940 3432 pro
959 3363 1139 3417 fundamento
1158 3363 1256 3430 posita.
1289 3361 1326 3416 Cf.

182 3450 361 3505 Eratosthen.
381 3456 478 3506 061601.
500 3471 527 3522 p.
542 3452 594 3505 124
613 3469 694 3521 quem
721 3454 845 3520 00661166
865 3452 979 3506 0016160
1007 3452 1070 3506 1601.
1090 3451 1203 3519 111868,
1221 3455 1249 3504 01
1269 3451 1326 3518 1600

182 3544 280 3594 auctor
291 3539 408 3595 Senecae
421 3539 532 3610 [Troad.
545 3539 613 3594 1044
623 3558 661 3609 sq.
672 3539 783 3608 Thyest.
793 3541 845 3594 853
857 3540 908 3611 06.]
921 3544 949 3593 et
956 3540 1048 3594 Valeri
1061 3540 1151 3594 Flacci
1164 3539 1326 3608 [1281sq.];

181 3632 328 3696 praeterea
347 3629 448 3700 Hygia.
477 3629 531 3682 fab.
561 3628 608 3682 Ill.
628 3646 688 3698 arg.
708 3629 797 3698 Apoll.
818 3630 884 3696 Arg.
906 3647 933 3698 p.
947 3629 999 3682 534
1018 3628 1089 3682 Keil.
1108 3628 1268 3698 Palaephat.
1294 3627 1324 3680 31

180 3733 207 3784 p.
221 3719 273 3771 292
287 3733 326 3786 06.
346 3717 490 3772 Westerm.
510 3734 579 3787 quae
598 3718 632 3770 ab
652 3717 815 3772 Eusebianis
835 3718 888 3770 illis
906 3733 1020 3786 prorsus
1038 3718 1205 3788 discrepant.

284 3804 312 3875 1)
332 3804 372 3859 Gi.
392 3823 462 3875 quos
481 3805 573 3861 adfert
591 3805 729 3875 Welcker,
748 3824 791 3877 ep.
811 3806 883 3877 Cycl.
902 3805 916 3858 Ι
935 3825 962 3877 p.
972 3810 1007 3862 80
1025 3827 1052 3862 6.
1065 3810 1108 3862 99.
1128 3825 1155 3876 p.
1168 3809 1210 3864 84.

281 3896 310 3961 2)
331 3893 372 3949 61.
391 3912 433 3965 06.
451 3895 525 3964 Cycl.
544 3914 572 3965 p.
585 3897 620 3948 82
633 3913 672 3964 sq.

281 3984 305 4048 3)
325 3983 366 4038 cf.
385 4001 457 4052 6660
476 4001 560 4053 06666
578 3983 713 4053 exscripsi
732 3987 759 4037 01
777 4000 800 4038 c.
814 3983 858 4051 44,
871 3985 897 4038 4.

187 4113 188 4118 ,
279 4071 633 4141 4)(10610011160060660
661 4076 755 4126 tamen
780 4072 865 4126 certis
885 4070 1056 4141 argumentis
1079 4087 1143 4125 usus
1163 4071 1192 4127 0.
1213 4071 1325 4126 Sierolra

184 4157 214 4211 in
234 4165 443 4230 programmate
455 4162 593 4230 gymnasii
602 4161 736 4229 Lyckiaui
749 4161 793 4214 061
805 4160 959 4227 inscripsit:
982 4158 1033 4212 Die
1044 4159 1324 4230 mythographiscben

182 4246 298 4314 Quellen
316 4247 361 4301 1116
377 4250 496 4305 Diodors
515 4253 540 4304 3.
559 4269 586 4304 6.
606 4252 630 4303 4.
650 4246 728 4302 Bueh
748 4250 799 4302 mit
818 4247 1266 4319 besondererBeriicksichtigung
1279 4250 1324 4304 des

179 4334 328 4406 Dionysius
346 4337 574 4406 Skytobrachion.
597 4338 673 4392 1878.
692 4354 720 4406 6.
732 4340 757 4392 9.
1000 4328 1004 4334 ’

280 4428 305 4491 5)
325 4425 364 4482 Cf.
380 4444 404 4482 c.
421 4427 465 4492 41,
481 4429 506 4480 3.
524 4428 568 4492 44,
579 4429 596 4480 4
607 4443 647 4495 06.
658 4427 703 4495 45,
715 4429 741 4481 5.
757 4429 799 4495 47,
810 4429 834 4480 4.
851 4427 895 4495 49,
906 4428 930 4479 7.
946 4426 989 4494 53,
999 4431 1025 4482 7.
1035 4429 1079 4498 64,
1090 4428 1169 4498 aas,
1180 4428 1203 4482 5.
1213 4428 1256 4494 56,
1268 4430 1291 4482 1.
1301 4431 1324 4484 2.
