2958 4786
726 227 762 278 28

298 400 373 467 ἔνθα
396 400 456 464 πότ’
479 399 639 484 αἰνόγαμος
660 399 766 474 Φινεὺς
786 396 943 479 ὑπερήνορι
967 403 1057 486 θυμῷ

216 511 276 569 675
299 503 393 578 δοιοδς
412 501 558 578 ἕξαλοίωσε
579 500 681 584 γόνους
702 499 847 582 προβλῆσί
868 524 896 562 τε
918 498 1032 580 πέτραις

299 607 404 685 θηρσὶν
429 601 502 684 δ’λωρ
523 601 673 685 προῖθηκε
693 601 820 684 γυναίων
839 601 933 663 εἵνεκα
956 599 1102 682 φίλτρων.-

299 706 364 780 ιοίς
383 704 414 768 δὲ
435 707 484 766 καί
508 703 645 785 ἀσκηθεῖς
667 704 716 764 καί
742 702 894 778 ὀπωπότας
907 693 995 776 αὖθις
1015 699 1129 776 ἔτευξαν

299 806 385 868 παῖδε
404 809 508 867 κλυτοῦ
530 806 645 886 Βορέω,
669 805 755 866 Φινεῖ
774 801 807 867 δι’
828 801 856 865 οἱ
877 802 999 866 ὤπασαν
1020 803 1088 884 δίκην

303 905 453 988 ἀργαλέοιο
475 906 568 985 κότου,
590 906 683 990 φωτὸς
702 907 729 968 δ’
752 905 951 988 ἀπενόσφιοαν
973 903 1077 986 αὐγάς·

217 1013 277 1071 680
300 1006 391 1088 αὐτάρ
413 1005 441 1069 οἱ
464 997 591 1090 γζαμενὴς
610 1005 724 1088 Βορέης
744 1005 949 1090 οιροφιίδεσσιν
970 999 1088 1076 ἀέλλαις

299 1102 431 1190 ἁρπάξας
451 1110 580 1174 ἐκύλινδε
603 1111 651 1173 διὰ
672 1110 770 1193 δρυμὰ
792 1108 884 1171 πυκνὰ
905 1111 955 1170 καί
977 1105 1047 1182 ὕλας

300 1211 449 1294 Βιστονίης
469 1213 518 1275 ἵνα
539 1219 605 1296 κῆρ’
630 1200 719 1295 diovis
743 1215 792 1273 καί
814 1211 927 1291 πότμον
947 1210 1064 1296 ἐπίσπῃ.

276 1317 329 1375 His
352 1318 484 1376 versibus
507 1318 637 1377 fabulam
658 1319 753 1378 inesse
767 1317 957 1395 Sophocleum
972 1337 987 1375 e
1003 1314 1113 1374 scholio
1129 1316 1332 1392 Apollonisno

179 1414 222 1496 [ll
238 1415 326 1497 178]:
351 1416 505 1497 Σοφοκλῆς
526 1414 557 1477 δὲ
580 1411 621 1477 ὅτι
642 1415 708 1489 τοί-ς
727 1414 760 1478 ἐκ
778 1411 969 1494 Κλεοπάτρας
982 1410 1064 1486 υἱοὺς
1077 1411 1223 1492 ἐτύφλωσε
1235 1413 1332 1491 Παρ-

178 1515 278 1580 θένιον
298 1518 348 1578 καὶ
370 1513 517 1596 Κροίμβον
544 1518 673 1590 πεισθείς
697 1516 846 1595 διαβολαῖς
868 1513 975 1589 Ἰδαίας
996 1521 1048 1596 τῆς
1068 1513 1167 1576 αι’τῶν
1186 1520 1336 1594 μητρυιᾶς

176 1641 240 1680 cum
262 1620 458 1680 bibliothecae
471 1621 534 1679 loco
558 1621 584 1693 [l
601 1624 629 1693 9,
645 1621 694 1692 21,
712 1621 744 1693 2]
766 1621 942 1697 composito:
965 1617 1014 1677 καί
1035 1614 1214 1697 πηρωθῆναί
1236 1635 1336 1695 φασιν

175 1716 285 1780 αὐτὸν.
304 1767 310 1780 .
328 1765 334 1782 .
350 1714 377 1778 oi
404 1717 435 1780 δὲ
452 1714 510 1779 ὑπὸ
530 1715 644 1798 Βορέου
675 1720 724 1781 καί
754 1724 810 1780 τῶν
829 1717 1032 1798 Ἀργοναυπῦν
1054 1713 1093 1779 δτι
1115 1717 1245 1791 πεισθείς
1265 1741 1334 1797 μη-

177 1825 259 1905 τρυιᾷ
287 1818 352 1892 τοὺς
379 1818 470 1894 ἰδίους
495 1817 643 1901 ἐτύφλωσε
670 1819 777 1893 παῖδας
787 1819 810 1898 ¹)
833 1823 936 1883 elucet.
979 1821 1082 1899 Neque
1105 1826 1179 1882 enim
1203 1843 1220 1880 a
1240 1821 1333 1881 scho-

176 1925 265 1983 liasta
301 1944 359 1983 non
394 1931 511 2002 poetam
549 1925 709 2000 tragicum,
752 1924 802 1982 sed
840 1922 1063 1999 grammaticum
1101 1924 1182 1980 cuius
1220 1941 1330 1981 nomen

178 2024 295 2085 scholiis
307 2027 571 2101 Argonauticorum
585 2026 781 2104 subscriptum
792 2030 878 2094 esset,
901 2022 1043 2102 adpellari
1058 2023 1202 2100 Bergkius
1215 2018 1240 2098 ²)
1255 2023 1331 2081 mihi

178 2126 325 2204 probavit.
368 2123 424 2200 Qui
456 2147 515 2204 qua
547 2129 662 2187 ratione
692 2149 708 2186 e
739 2127 829 2188 schol.
857 2127 945 2205 Soph.
972 2128 1041 2186 Ant.
1060 2127 1121 2186 980
1151 2123 1201 2182 ubi
1231 2124 1331 2182 altera

179 2227 282 2286 Phinei
308 2247 382 2285 uxor
410 2229 448 2287 ab
479 2231 544 2306 ipso
566 2229 709 2307 Sophocle
734 2232 762 2288 in
788 2230 988 2306 Tympanistis
1013 2231 1240 2287 commemorata
1261 2245 1330 2284 esse

178 2330 296 2398 dicitur,
312 2327 385 2388 haeo
408 2329 555 2389 elicuerit:
576 2319 650 2388 ‘iem
671 2332 789 2407 quaein
803 2330 913 2389 Phineo
934 2331 970 2388 de
990 2329 1036 2388 his
1052 2327 1210 2406 Sophocles
1232 2326 1329 2385 trodi-

179 2425 264 2502 derit‚
287 2449 322 2489 ea
342 2450 379 2488 ex
401 2430 487 2490 docto
509 2431 668 2490 scholiasta
683 2432 721 2490 sd
732 2431 913 2509 Antigonam
936 2431 1137 2508 cognoscimus
1150 2428 1188 2486 ad
1204 2448 1246 2488 vs.
1262 2429 1328 2486 980

181 2576 340 2592 .......
360 2533 486 2591 Doctum
517 2532 705 2604 scholiastem
728 2535 779 2612 qui
803 2533 875 2610 quid
897 2533 1052 2611 Sophocles
1073 2534 1103 2590 in
1124 2533 1328 2609 Tympanistis

178 2633 214 2692 de
236 2653 270 2692 ea
285 2653 317 2691 re
341 2638 508 2694 memorarit
531 2637 653 2709 noverit,
675 2637 791 2694 nomine
814 2655 929 2713 quoque
943 2633 1133 2693 Phinidarum
1154 2653 1189 2691 ex
1211 2631 1326 2708 Sopho-

177 2734 229 2794 clis
246 2734 355 2793 Phineo
376 2735 525 2795 rettulisse
545 2742 769 2797 consentaneum
784 2731 835 2796 est‘
857 2755 980 2814 prorsus
995 2754 1053 2794 non
1074 2733 1224 2810 intellego.
1246 2732 1327 2805 Quae

178 2855 248 2894 vero
271 2833 461 2894 Phiniderum
493 2838 610 2895 nomine
632 2857 650 2894 a
670 2837 813 2915 Sophocle
842 2838 939 2897 aliena
965 2855 1028 2894 esse
1057 2837 1204 2912 cognorit,
1227 2836 1267 2892 eis
1289 2839 1326 2892 ut

177 2939 243 2993 toto
264 2933 365 2992 fabula
387 2935 424 2993 ab
448 2955 481 2994 eo
510 2936 703 3008 shiudicetur,
726 2957 783 2996 non
803 2937 897 3014 magis
919 2939 965 2996 uti
984 2936 1053 2996 licet
1074 2957 1162 3014 quam
1186 2937 1228 2995 eis
1249 2953 1325 3012 qnae

180 3033 269 3094 schol.
292 3034 375 3094 Pind.
397 3036 499 3097 lsthm.
530 3037 645 3096 Ill-104
668 3037 800 3098 Herculis
833 3039 902 3097 filiis
924 3036 1081 3114 Euripides
1111 3037 1250 3096 indidisse
1279 3035 1323 3093 di-

178 3137 273 3206 citur,
306 3142 340 3196 ut
372 3137 526 3197 Herculem
560 3140 703 3199 furentem
736 3141 841 3218 respici
879 3146 1021 3217 negetur,
1053 3140 1226 3216 praesertim
1259 3156 1325 3196 cum

178 3243 281 3313 poetas
318 3240 445 3315 tragicos
486 3239 628 3299 eiusmodi
671 3241 789 3300 nomina
832 3241 948 3300 omnino
993 3240 1142 3311 omisisse,
1179 3239 1325 3313 gramma-

178 3339 251 3396 ticos
284 3345 388 3416 postea
426 3343 608 3418 argumentis
643 3343 838 3419 interpolasse
873 3347 941 3419 post
974 3334 1152 3416 Hillerum³)
1181 3337 1326 3398 Wilemo·

180 3438 292 3496 witzius
305 3435 331 3513 4)
354 3439 608 3502 demonstraverit.
642 3443 743 3520 Neque
763 3443 854 3502 ullum
870 3443 1022 3521 Sophoclis
1043 3440 1226 3518 gramatici
1241 3439 1325 3498 testi·

180 3540 307 3598 monium
320 3541 463 3620 catalogis
485 3543 542 3602 illis
563 3543 729 3603 fabularum
751 3546 801 3620 qui
821 3546 852 3602 in
867 3543 985 3604 scholiis
996 3541 1198 3620 Apollonianis
1213 3544 1325 3607 extant,

81 3633 84 3637 ’
180 3640 319 3700 insertum
341 3645 462 3721 legitur,
483 3645 563 3704 haud
585 3665 679 3723 pauca
708 3651 806 3706 temen
823 3651 928 3724 poetae
949 3645 999 3717 [cf.
1023 3643 1113 3704 schol.
1135 3642 1150 3701 I
1172 3643 1241 3700 769.
1268 3639 1327 3698 IIII

182 3741 242 3799 223
265 3736 476 3821 (=111242).
509 3745 551 3803 III
580 3748 669 3806 1040.
695 3746 965 3818 137211112841.
990 3745 1073 3804 Vnde
1093 3745 1166 3802 talia
1187 3745 1218 3801 in
1239 3741 1325 3800 vilem

180 3842 408 3919 istum'poetsm
430 3866 588 3923 pervenere
609 3867 645 3907 ne
667 3848 786 3925 linguae
813 3847 930 3925 quidem
954 3847 1081 3907 Graecae
1104 3845 1176 3904 setis
1197 3843 1325 3921 peritum

180 3947 212 4000 et
232 3948 312 4002 certa
343 3944 484 4007 historiae
512 3947 655 4008 fabularis
684 3950 792 4008 notitia
822 3948 895 4008 adeo
926 3953 1073 4008 carentem
1100 3951 1135 4004 ut
1156 3945 1272 4004 Peleum
1295 3949 1327 4002 et

180 4090 380 4104 ----·-“-“

282 4183 308 4252 1)
328 4181 367 4236 ef.
387 4199 470 4250 supra
482 4201 508 4252 p.
525 4186 565 4238 16.
585 4185 629 4239 22.
662 4191 664 4195 ’

280 4273 310 4342 2)
328 4271 398 4326 Μαι.
417 4269 506 4326 Rhen.
525 4272 538 4325 I
556 4291 584 4342 p.
598 4274 647 4328 361
663 4265 703 4343 s'q.
722 4273 757 4329 ci.
775 4275 891 4330 Robert.
912 4274 929 4327 l.
949 4291 971 4328 c.
992 4291 1019 4342 p.
1036 4275 1078 4327 81.

281 4360 309 4429 3)
327 4358 440 4413 Hermes
458 4358 524 4414 v111
543 4363 646 4432 442sq.

279 4447 308 4516 4)
327 4448 406 4503 Anal.
424 4447 552 4522 Euripid.
571 4468 598 4522 p.
614 4453 713 4521 184sq.
