2958 4786
737 269 771 320 54

174 469 297 525 cumque
319 441 404 526 ἱερῶν
431 430 548 505 illarum
572 443 753 524 ἀναγραιγιῖιν
782 449 890 503 mentio
913 447 990 503 suctu
1012 447 1059 514 sit,
1082 451 1162 504 certa
1186 445 1331 504 Hecataei

163 552 299 628 ⁸vestigia
320 542 467 624 extare1).
490 549 583 624 Atqui
604 548 666 606 loco
689 546 731 605 illi
754 546 790 604 de
813 565 871 623 quo
894 545 980 605 modo
1003 547 1155 623 disputavi
1168 541 1208 626 [o.
1222 550 1272 620 43,
1286 543 1333 628 6],

177 653 249 712 llaec
271 652 386 709 adiecta
409 656 492 709 sunt:
516 644 629 706 διὸκαὶ
653 644 682 705 τὸ
705 643 831 706 παλαιὸν
858 643 1076 724 παραδίδοσθαι
1104 638 1153 718 τός
1181 645 1333 726 βασιλείας

175 749 222 830 μὴ
244 754 300 824 τοῖς
331 745 458 828 ἐκγόνοις
478 752 544 808 τῶν
572 743 718 825 ἀρξάντων
750 744 825 806 ἀλλὰ
857 751 914 818 τοῖς
943 749 1058 806 πλεῖστα
1080 748 1129 807 καὶ
1150 744 1271 829 μέγιστα
1297 748 1330 809 τό

178 854 295 931 πλῆθος
324 848 521 929 εὐεργετοῦσιν
551 843 606 910 τότε
636 844 878 927 προκαλουμένων
909 837 965 907 τῶν
997 838 1166 926 ἀνθρώπιον
1184 847 1254 923 ,τοῖς
1280 849 1330 931 ἐφ’

177 949 286 1013 ἑαυτῶν
314 949 441 1024 βασιλεῖς
476 949 523 1011 ἐπὶ
552 949 606 1029 τὴν
633 947 734 1028 κοινὴν
766 946 933 1029 εὐεργεσίαν
960 944 1029 1010 εἴτε
1056 950 1115 1009 καῖ
1141 951 1212 1010 κατ’
1244 942 1330 1031 dlvi·
1380 957 1383 962 ‘

180 1055 286 1113 θείαν
307 1047 342 1112 ὲν
363 1057 437 1124 ταῖς
456 1047 571 1130 ἱεραῖς
592 1049 820 1130 ἀναγραφαῖς
840 1046 929 1110 uilem
952 1041 1233 1131 παρειληφότων.

277 1155 401 1216 Omnino
425 1160 519 1214 totum
541 1156 663 1213 alterius
687 1153 755 1211 libri
777 1155 864 1230 primi
887 1155 982 1230 portis
1004 1156 1120 1212 initium
1136 1175 1171 1212 ex
1182 1155 1332 1215 Hecataeo

178 1261 366 1336 desumptum
393 1275 456 1315 esse
485 1256 610 1315 videtur.
653 1255 775 1313 Praeter
806 1275 889 1333 capp.
916 1253 955 1312 43
980 1262 1010 1314 et
1033 1256 1082 1327 45,
1109 1260 1134 1314 l.
1151 1259 1179 1314 2.
1201 1258 1330 1334 amplum

179 1365 208 1418 et
231 1359 377 1435 copiosam
401 1356 566 1416 Thebarum
598 1355 825 1432 descriptionem
850 1346 886 1436 [c.
900 1359 949 1428 45,
964 1359 982 1413 4
995 1385 1031 1396 -
1047 1347 1135 1437 7.46]
1168 1359 1192 1414 ei
1214 1358 1332 1416 vindico

105 1527 109 1536 ἱ
180 1463 292 1538 quippe
314 1479 400 1536 quem
413 1458 530 1517 Thebas
550 1458 714 1534 profectum
736 1475 799 1515 esse
812 1455 957 1515 Diodorus
981 1458 1044 1534 ipse
1067 1457 1146 1516 dic-at
1167 1451 1333 1536 [c.lo‚8];

181 1582 277 1638 neque
298 1561 348 1638 qui
371 1561 401 1616 iu
420 1558 515 1617 medio
535 1559 657 1635 positus
674 1563 718 1614 est
740 1577 897 1634 regnorum
912 1559 1077 1632 catalogum
1095 1552 1133 1634 [ο.
1146 1554 1200 1635 44]
1214 1543 1335 1618 aliunde

179 1663 297 1721 fluxisse
326 1651 403 1738 ἱεραὶ
434 1655 604 1738 ἀναγραφαί
638 1659 666 1716 iu
704 1659 835 1718 clausula
859 1654 891 1735 [ξ
907 1653 940 1735 4]
963 1665 1204 1718 commemoratae
1213 1657 1238 1732 ²)
1261 1681 1334 1738 pro·

180 1764 262 1822 dunt.
311 1764 408 1838 Atque
423 1763 507 1820 annis
531 1781 605 1838 quos
626 1760 667 1818 dii
689 1761 866 1837 semideique
889 1766 919 1818 et
941 1760 1071 1819 homiues
1093 1781 1186 1838 usque
1208 1761 1246 1819 ed
1259 1762 1332 1820 Dio·

181 1865 245 1923 dori
269 1869 396 1922 aetatem
415 1864 444 1920 in
470 1863 605 1939 Aegypto
636 1881 775 1937 regnasse
806 1861 859 1921 hoo
889 1862 952 1920 loco
982 1860 1129 1932 dicuntur,
1153 1863 1334 1940 computatis

88 2041 91 2048 ι
182 1967 285 2040 viginti
317 1965 406 2022 trium
440 1964 549 2023 milium
585 1983 725 2022 annorum
760 1983 898 2022 numerus
929 1951 1055 2022 efficitur
1088 1965 1138 2040 qui
1171 1984 1261 2042 supro
1292 1965 1334 2024 ad

182 2068 321 2142 temporis
344 2066 473 2142 spatium
495 2065 571 2124 iuter
593 2063 667 2123 Solis
689 2083 809 2140 regnum
833 2070 864 2124 et
887 2065 1046 2123 Alexandri
1075 2067 1105 2123 ie
1129 2065 1227 2124 Asiam
1250 2069 1335 2124 trau·

180 2169 267 2226 situm
290 2166 473 2224 intercedens
488 2167 616 2224 refertur
632 2157 728 2245 [eru
745 2158 788 2243 1]:
813 2159 841 2222 oi
865 2162 895 2223 δ’
921 2159 1004 2242 ἱερεῖς
1025 2169 1080 2223 τῶν
1088 2161 1262 2244 Αἰγυπτίαν
1283 2162 1336 2224 τόν

87 2309 90 2314 -
182 2264 288 2346 χρόνον
315 2263 374 2325 ἀπὸ
398 2267 450 2342 τῆς
468 2259 572 2324 Ἡλίου
597 2260 745 2342 βασιλείας
770 2261 1000 2344 συλλογιζόμενοι
1015 2261 1099 2343 μέχρι
1120 2263 1173 2343 τῆς
1189 2262 1332 2338 Ἀλεξάν-

184 2366 253 2446 δρου
275 2364 433 2442 διαβάσεως
462 2365 502 2437 εἰς
529 2364 582 2444 τὴν
600 2361 706 2424 Ἀσίαν
735 2364 825 2443 φασὶν
852 2359 991 2444 ὑπάρχειν
1020 2363 1090 2424 ἑτῶν
1116 2361 1239 2442 μάλιστά
1272 2387 1336 2440 πιος

184 2463 342 2544 δισμυρίων
371 2467 421 2525 καὶ
451 2463 618 2544 τριοχιλίανν,
652 2468 747 2526 altero
781 2469 844 2527 loco
866 2459 901 2549 [ο.
924 2467 974 2539 23,
989 2457 1017 2549 1]
1051 2467 1180 2543 Dionysii
1209 2489 1333 2527 numero

184 2562 232 2651 [el.
255 2590 346 2647 supra
376 2590 403 2646 p.
427 2559 477 2649 52]
509 2571 631 2646 opponi:
666 2558 741 2626 εἶναι
771 2563 802 2627 δὲ
833 2562 879 2647 ἔτη
909 2568 999 2647 oanis
1029 2565 1089 2626 ἀπὸ
1118 2565 1254 2645 Ὀσίριδος
1281 2568 1335 2628 καὶ

178 2665 277 2739 Ἴσιδος
298 2664 350 2739 ἓιος
371 2672 429 2746 τῆς·
442 2665 647 2746 Ἀλεξάνδρου
670 2665 818 2746 βασιλείας
838 2673 887 2729 τοῦ
908 2666 1052 2740 κτίσαντος
1072 2665 1103 2728 ἒν
1117 2666 1263 2753 Αἰγύπτῳ
1278 2668 1335 2748 τὴν

180 2758 334 2843 ἐπώνυμον
368 2767 458 2829 αὐτοῦ
492 2759 576 2830 πόλιν
610 2767 697 2830 πλείω
730 2767 786 2829 τιῖιν
817 2768 939 2848 μορίοιν,
970 2764 1007 2856 τός
1032 2768 1059 2829 δ’
1084 2765 1153 2830 ἔνιοι
1175 2760 1335 2851 γρόιγουσι,

185 2947 384 2956 ————-

288 3063 313 3131 l)
333 3062 405 3115 Addi
424 3063 607 3140 plaeet'Plut.
631 3063 657 3117 d.
685 3064 767 3119 la'et
786 3064 856 3120 Osir.
878 3067 907 3119 6:
929 3070 954 3118 ot
974 3067 1004 3119 δὲ
1029 3069 1148 3132 βασιλεῖς
1171 3067 1216 3116 καὶ
1233 3082 1333 3134 μετρη-

186 3147 234 3204 τὸν
253 3151 348 3204 ἔπινον
370 3152 404 3204 ἐκ
421 3154 483 3206 τῶν
502 3154 598 3223 ἱερῶν
617 3149 836 3225 γραμμάτιον,
866 3153 902 3214 ὠς
918 3154 1056 3214 Ἑκαταῖος
1082 3149 1233 3224 ἱστόρηκεν,
1252 3159 1334 3226 ίερεῖς

184 3234 259 3299 ὄντες
286 3239 320 3294 el.
350 3239 463 3296 lliodor.
492 3241 570 3310 170,
598 3246 638 3296 11.
683 3243 764 3297 Haud
792 3244 1015 3314 improbabiliter
1033 3243 1182 3298 Muellerus
1201 3245 1285 3313 [FHG
1305 3245 1331 3298 ll

185 3346 211 3396 p.
225 3327 288 3397 391]
309 3328 461 3382 Diodorum
481 3347 548 3398 prae
568 3332 668 3385 ceteris
683 3330 852 3387 Hecataeum
871 3332 970 3387 dirccm
990 3333 1044 3387 sibi
1063 3333 1178 3404 elegisse
1199 3333 1333 3388 coniecit:

187 3416 314 3485 equidem
334 3419 402 3470 sutis
421 3418 509 3472 habeo
523 3421 727 3487 praetereundo
747 3421 894 3475 adnotasse
905 3421 990 3475 verba
1009 3438 1080 3489 quee
1099 3440 1121 3477 c.
1133 3422 1213 3488 31,9,
1230 3422 1277 3476 nbi
1296 3422 1333 3476 de

184 3504 304 3572 Aegypti
333 3505 486 3558 incolarum
515 3508 696 3563 multitudine
714 3509 854 3564 Hecataeo
878 3514 992 3564 arictore
1012 3510 1150 3579 disputari
1169 3510 1250 3564 modo
1269 3527 1335 3580 pro·

186 3593 261 3659 bavi,
280 3594 430 3647 clausulam
452 3594 569 3651 faciunt:
599 3597 642 3652 διὸ
667 3602 712 3652 καὶ
735 3597 796 3658 τοὺς
818 3595 947 3670 ἀρχαίους
969 3603 1089 3668 βασιλεῖς
1106 3598 1245 3668 ἱστοροῦσι.
1264 3595 1333 3652 κατὰ

188 3677 236 3746 τὴν
247 3686 390 3751 Αἴγυπτον
409 3683 475 3752 ἔργα
488 3680 595 3754 μεγάλα
615 3691 659 3740 καὶ
673 3684 821 3760 θαυμαστὰ
840 3685 885 3740 διὰ
906 3690 952 3754 τῆς
970 3691 1144 3760 πολυχειρίας
1162 3680 1330 3740 κατασκευά-

186 3784 287 3828 σαντας
305 3765 431 3822 disicere
450 3772 495 3837 τῆς
522 3772 624 3828 ἑαυτῶν
653 3772 731 3843 δόξης
758 3774 906 3831 ἀπολιπεῖν
931 3774 1116 3849 ὑπομνήματα
1139 3775 1212 3830 inira
1230 3775 1277 3829 ubi
1296 3774 1332 3828 de

185 3876 333 3928 puerorum
348 3860 514 3917 educatione
532 3880 620 3917 sermo
639 3870 680 3919 est
700 3865 733 3935 [c.
745 3868 788 3934 80,
802 3867 830 3936 6]
850 3867 952 3920 iterum
972 3867 1035 3936 legi,
1053 3873 1082 3919 et
1101 3865 1197 3919 iudicii
1218 3864 1331 3934 adparu-

185 3953 245 4001 tum
258 3949 287 4001 in
301 3947 488 4020 Osymandyae
499 3952 627 4021 sepulcro
639 3955 670 4023 [c.
684 3955 727 4024 48,
738 3956 763 4026 6]
783 3956 925 4025 depictum
938 3987 974 3996 —
985 3955 1103 4024 triginta
1113 3953 1226 4016 iudices,
1247 3971 1331 4005 unum

183 4036 260 4088 illum
274 4033 471 4106 ἀρχιδικαστήν
491 4042 618 4096 veritatis
641 4045 764 4111 symbolo
786 4049 914 4099 ornatum
931 4045 1017 4099 libros
1039 4045 1131 4113 legum
1145 4042 1285 4112 adpositos
1297 4073 1330 4081 -

183 4123 252 4177 haec
266 4125 358 4176 omnie
370 4143 426 4193 quo
436 4128 497 4182 ioco
511 4131 712 4199 Aegyptiorum
724 4131 827 4186 iudicio
836 4117 1332 4208 describunturlc.75,3-6],redire.

286 4214 314 4280 2)
334 4218 396 4282 περὶ
416 4201 455 4268 ὧν
473 4212 603 4271 ἁπάντων
621 4210 720 4291 οἱμὲν
737 4223 817 4290 ίερεῖς
842 4221 918 4292 εἶχον
941 4219 1107 4294 ἀναγραφὰς
1125 4223 1155 4277 ἐν
1174 4228 1230 4281 ταῖς
1248 4224 1333 4291 ἱεραῖς

186 4301 289 4366 βίβλοις
316 4301 346 4352 ἐκ
368 4304 492 4357 παλαιῶν
513 4300 624 4374 χρόνων
646 4304 688 4359 ἀεὶ
713 4315 767 4366 τοῖς
786 4305 928 4381 διαδόχοις
951 4312 1181 4384 παραδεδομένας
1203 4308 1333 4377 ὁπηλίκος

187 4382 300 4444 ἕκαστος
323 4388 378 4442 ταῖν
401 4387 621 4456 βασιλευσόντων
644 4396 752 4463 ἐγένετο
778 4399 815 4466 τῷ
831 4404 947 4468 μεγέθει
966 4403 1011 4453 καὶ
1029 4395 1127 4460 ὁποῖός
1145 4420 1182 4460 τις
1200 4401 1231 4473 τῇ
1250 4392 1332 4470 φύσει

186 4474 231 4521 καὶ
250 4469 282 4523 τό
300 4470 367 4525 κατὰ
385 4472 445 4534 τοὺς
462 4477 547 4536 ἰδίους
564 4475 680 4548 χρόνους
698 4478 804 4552 ἑκάστῳ
823 4490 992 4556 πραχθέντα.
