2958 4786
778 204 795 258 2

213 381 359 446 ldmonem
375 385 598 463 Amphiaraum,
620 385 693 443 duos
717 385 782 442 illos
804 385 916 463 priores
941 385 1008 444 inde
1032 386 1068 444 ab
1084 385 1239 464 Apollonio
1260 406 1375 444 omnes

212 491 453 556 commemorant,
486 485 699 562 Amphiaraum
731 504 749 542 a
780 484 920 544 Deilocbo
961 487 1104 563 scriptore
1141 489 1201 546 sere
1237 507 1373 566 prorsus

212 589 314 663 ignoto
333 586 356 660 ¹)
379 589 482 646 ceteris
504 585 636 644 additum
661 605 725 644 esse
746 585 835 645 schol.
859 587 955 664 Apoll.
973 587 986 644 Ι
1003 590 1062 647 139
1085 589 1202 664 legitur.
1247 587 1373 647 Deinde

214 687 371 747 Volcanum
386 687 494 746 Aeetae
516 693 619 746 tauros
635 686 810 746 fabricatum
826 708 888 746 esse
902 685 927 763 ²)
949 690 996 747 vel
1007 689 1219 767 Euphemnma
1237 691 1371 749 Tritone

213 789 398 866 Eurypylum
422 789 576 848 simulante
590 789 621 846 in
636 788 732 864 Libya
752 789 893 848 famosam
908 789 987 848 illam
1003 791 1137 867 glaebam
1161 813 1196 850 ea
1218 791 1254 850 de
1270 812 1369 850 causa

214 889 292 967 qnod
313 895 439 966 uterque
461 889 591 967 Neptuni
613 889 691 948 filius
717 887 830 966 esset³)
853 882 997 969 accepisse
1017 893 1046 950 in
1069 899 1194 970 utroque
1215 911 1367 952 commen-

211 990 286 1048 tario
298 995 449 1063 narratur,
472 1010 565 1068 neque
580 990 673 1048 ‘aliter
697 991 725 1049 in
747 991 897 1068 Apollonii
925 997 954 1051 et
974 991 1097 1052 Medeae
1116 994 1233 1052 scholiis
1257 995 1365 1052 eadem

211 1093 247 1150 de
269 1091 388 1150 Phrixei
410 1092 525 1150 valleris
548 1092 645 1151 coloro
667 1095 858 1170 proferuntur
867 1087 900 1170 ⁴).

310 1194 370 1252 lam
393 1195 547 1271 quaeritur
578 1193 617 1252 ad
647 1213 733 1270 quem
762 1199 911 1254 auctorem
939 1194 986 1253 hic
1016 1213 1173 1253 consensus
1200 1195 1361 1254 referatur.

211 1298 323 1356 Primos
353 1298 399 1358 vol
421 1297 609 1370 Argonautas
640 1296 687 1354 vel
708 1296 841 1354 Danaum
874 1315 974 1354 navem
1008 1296 1206 1354 construxisse
1239 1295 1363 1355 scholiis

210 1399 307 1476 Apoll.
324 1399 370 1457 14
390 1405 421 1458 et
437 1397 509 1456 Eur.
521 1396 599 1454 Med.
620 1394 674 1472 1⁵)
697 1396 826 1455 breviter
850 1398 1018 1468 adnotatur,
1040 1416 1135 1473 neque
1156 1402 1265 1454 temere
1285 1417 1361 1474 quo-

209 1503 287 1560 niam
320 1500 443 1558 nominis
467 1499 546 1574 Argo
573 1498 674 1557 eadem
702 1498 864 1576 veriloquis
890 1500 919 1556 in
942 1498 1050 1558 scholio
1076 1496 1236 1575 Euripideo
1266 1502 1362 1576 atque

210 1603 290 1681 apud
303 1602 461 1662 Diodorum
476 1590 544 1682 [llll
559 1602 609 1669 41,
626 1589 655 1680 3]
671 1600 820 1676 leguntur,
843 1602 928 1658 etiam
950 1620 984 1658 ea
1007 1620 1083 1678 quae
1106 1598 1183 1677 apud
1195 1598 1359 1659 Diodorum

210 1705 247 1763 de
273 1705 338 1781 ipsa
369 1723 442 1762 nave
464 1701 601 1760 dicuntur
626 1695 659 1776 [l.
676 1722 699 1761 c.
715 1695 732 1777 ἓ
751 1695 799 1779 1];
822 1699 871 1758 καὶ
893 1697 1080 1778 πρῶτονμὲν
1101 1697 1166 1777 περὶ
1187 1696 1219 1758 τὸ
1242 1695 1360 1778 Πήλιον

210 1798 459 1887 ναυπηγήσασθαι
487 1789 598 1880 σκάφος
621 1797 695 1860 πολὺ
712 1803 751 1886 τῷ
770 1795 891 1880 μεγέθει
905 1799 954 1860 καὶ
976 1805 1007 1885 τῇ
1026 1802 1110 1886 λοιπῇ
1132 1805 1291 1884 κατασκευῇ
1304 1799 1360 1880 τὴν

210 1899 269 1963 τότε
284 1899 447 1982 συνήθειαν
460 1897 643 1979 ὑπερβάλλον
664 1899 713 1960 διὰ
733 1898 765 1960 τὸ
787 1898 911 1980 σχεδίαις
924 1903 1005 1960 πλεῖν
1018 1899 1084 1974 τοίς
1102 1897 1162 1962 τότε
1182 1899 1360 1978 ἀνθρώπους

210 2003 261 2064 καὶ
277 2007 392 2084 μικροῖς
405 2005 548 2076 παντελῶς
566 1988 692 2076 οἷκατίοις
710 2025 774 2064 cum
793 2005 910 2064 scholiis
931 2005 988 2063 illis
1011 2007 1213 2064 consociantur
1225 2002 1250 2077 6)
1266 2011 1357 2082 atque

209 2177 407 2188 1---..-.—.-

311 2296 337 2366 1)
357 2295 398 2350 Cf.
419 2295 491 2349 FHG
510 2295 535 2348 ll
555 2313 582 2364 p.
597 2298 629 2348 17
642 2313 680 2364 sq.
1301 2331 1303 2335 .

309 2387 336 2450 2)
355 2383 395 2438 Cf.
416 2383 497 2438 schol.
508 2383 599 2451 Apoll.
612 2383 650 2436 ΠΙ
662 2383 715 2436 409
733 2383 820 2453 (quod
839 2383 873 2436 ad
893 2401 1003 2438 versum
1018 2385 1070 2437 229
1080 2401 1120 2453 sq.
1140 2384 1273 2452 pertinet)
1292 2401 1354 2438 oum

209 2473 294 2528 schol.
314 2473 393 2526 Pind.
413 2471 491 2542 Pytb.
509 2471 638 2525 1111393.

272 2571 275 2602 l
308 2564 335 2632 3)
354 2561 395 2615 Cf.
413 2559 498 2615 schol.
512 2561 602 2630 Apoll.
622 2559 759 2614 11111562
777 2558 826 2615 τὸν
843 2553 982 2632 Εὔφημον
1000 2561 1113 2626 ἐποίησε
1134 2554 1290 2631 δεχόμενον
1307 2557 1354 2624 τὴν

208 2653 298 2718 βῶλον
318 2649 355 2704 δι’
374 2645 532 2719 οἰκειότητα,
556 2649 617 2702 scal
635 2649 813 2708 Ποσειδῶνος
831 2653 876 2702 καὶ
894 2645 1030 2720 Εὐρώπης
1045 2650 1092 2715 τῆς
1113 2649 1217 2702 Τιτυοῦ.
1237 2651 1283 2700 καὶ
1302 2644 1353 2702 Εὐ-

208 2734 326 2810 ρύπυλος
340 2739 376 2794 ‚dt
397 2723 429 2793 oi]
448 2743 486 2798 alc
503 2737 552 2805 τὴν
567 2733 664 2810 χώραν
674 2743 868 2808 παρεγένοντο,
877 2735 1055 2798 Ποσειδῶνός
1073 2739 1147 2792 ἐστιν
1166 2732 1230 2796 υἱός.
1250 2739 1350 2806 λέγεται

209 2829 240 2880 δὲ
256 2833 302 2886 καὶ
318 2827 392 2898 παρὰ
403 2821 536 2896 Πινδάρῳ
555 2823 596 2879 ὅτι
615 2827 725 2886 ἐδέξατο
743 2826 792 2892 τὴν
812 2829 901 2893 βῶλον
919 2825 933 2879 ὁ
947 2819 1083 2898 Εὔφημος
1092 2843 1154 2880 oiim
1174 2825 1259 2879 schol.
1275 2825 1351 2880 Pind.

211 2917 292 2987 Pyth.
305 2916 403 2970 111135
423 2919 535 2982 ζητεῖται
555 2914 586 2967 al
606 2914 641 2966 δι’
662 2909 695 2979 ἢν
712 2917 801 2968 αἰτίαν
818 2911 966 2974 ὑπεδέξατο
978 2911 1028 2981 τὴν
1040 2915 1129 2981 βῶλον
1142 2912 1156 2965 ὁ
1168 2908 1350 2986 Εὔφημος...

178 3023 183 3027 ·
208 3008 234 3058 οἱ
253 3005 284 3057 δὲ
303 3001 348 3056 διὰ
367 3001 417 3072 τὴν
436 3007 610 3074 συγγένειαν·
640 2997 794 3076 ἀμφότεροι
824 2999 878 3074 γὰρ
904 3004 1084 3062 Ποσειδῶνος
1107 2999 1168 3056 ὅτε
1192 3000 1255 3063 δοὺς
1274 3003 1349 3056 καὶὸ

207 3087 306 3162 λαβών.
343 3092 418 3146 Idem
437 3091 572 3147 scholium
593 3091 677 3161 paulo
697 3091 779 3145 aliter
798 3093 933 3162 scriptum
953 3109 992 3146 vs.
1007 3094 1039 3146 61
1065 3092 1223 3161 adpositum
1242 3095 1285 3146 est
1304 3093 1349 3160 nbi

205 3180 324 3234 alterum
344 3183 370 3232 οἱ
389 3181 423 3234 δέ
439 3179 587 3234 delendum
609 3183 661 3234 est.

305 3270 333 3338 4)
355 3269 395 3322 uf.
410 3268 506 3324 scholl.
521 3269 611 3338 Apoll.
626 3269 679 3323 Illl
694 3271 753 3322 177.
770 3269 846 3322 1147.
862 3270 928 3324 Eur.
940 3269 1012 3324 Med.
1027 3273 1052 3322 5.
1072 3271 1225 3325 Auctorem
1240 3270 1347 3324 nomina

204 3359 233 3411 in
252 3357 362 3413 scholiis
382 3359 484 3440 quippe
503 3374 573 3426 quae
592 3357 718 3413 codicum
738 3358 911 3428 marginibus
930 3358 1051 3412 adscribi
1074 3359 1203 3425 solerent,
1222 3358 1347 3414 conlundi

204 3463 259 3500 non
276 3446 377 3500 mirum
396 3449 446 3500 esi.

305 3535 333 3602 5)
354 3533 483 3588 Ceterum
501 3533 582 3588 huius
601 3533 711 3588 fabulae
730 3539 829 3588 auctor
848 3551 905 3589 esse
916 3599 921 3610 ·
933 3535 1043 3590 videtur
1061 3534 1291 3606 Philostephanus
1302 3535 1346 3605 Cy·

204 3622 328 3676 renensis
347 3621 382 3676 cf.
404 3621 473 3676 Plin.
493 3639 520 3674 n.
540 3621 566 3675 h.
586 3621 702 3676 V11207
722 3640 803 3691 quem
822 3616 940 3678 conlatis
960 3624 1039 3684 Accii
1057 3623 1221 3694 fragmentis
1241 3642 1283 3694 ap.
1296 3623 1344 3678 Cic.

203 3710 229 3764 (l.
249 3715 306 3765 nat.
326 3709 540 3782 escensana
559 3712 679 3766 conicias
694 3713 761 3767 haec
779 3730 814 3765 ex
826 3713 997 3767 Graecorum
1016 3714 1107 3782 poetis
1125 3713 1241 3783 tragicis
1260 3731 1344 3782 sump-

204 3799 279 3852 sisse.
322 3799 470 3854 Praeterea
501 3799 536 3854 cf.
569 3801 781 3856 Eratosthenem
814 3801 1007 3871 [cetasterism.
1037 3820 1064 3870 p.
1084 3803 1135 3856 174
1157 3801 1197 3855 ed.
1224 3801 1360 3872 Robcrtt

202 3887 301 3942 Postea
321 3889 399 3959 Argo
420 3889 539 3958 primam
558 3906 657 3943 navem
676 3889 760 3943 fuisse
779 3907 861 3960 saepe
880 3890 1017 3946 traditur:
1041 3894 1154 3959 praeter
1174 3890 1248 3944 Sext.
1267 3891 1342 3958 Emp.

204 3975 265 4030 adv.
293 3976 386 4047 dogm.
414 3976 507 4031 11133
528 3996 555 4047 p.
571 3980 623 4032 393
642 3979 758 4032 Bekker.
785 3983 813 4033 et
841 3978 925 4048 Orph.
943 3981 1012 4049 Arg.
1032 3980 1066 4033 68
1085 3996 1125 4048 sq.
1155 3978 1284 4047 inprimis
1311 3979 1342 4032 cf.

202 4068 298 4133 postas
326 4065 467 4132 Romanos
496 4066 596 4121 Catull.
630 4068 673 4135 64,
697 4069 737 4120 ll.
763 4065 842 4120 Ovid.
869 4085 955 4122 amor.
980 4069 994 4122 1
1017 4070 1058 4135 lt,
1071 4057 1112 4120 21.
1145 4051 1266 4136 11'11,1.
1285 4071 1341 4122 met.

202 4151 312 4208 V1721.
332 4155 468 4209 v111302.
490 4157 563 4211 trist.
582 4156 659 4218 1119,
672 4159 696 4210 7.
715 4172 749 4209 ex
768 4156 848 4210 Pont.
867 4157 908 4210 III
923 4160 946 4220 1,
963 4161 984 4211 1.
1008 4157 1103 4210 Sanco.
1115 4155 1187 4208 Med.
1207 4156 1232 4207 2.
1246 4157 1295 4208 301
1307 4173 1341 4225 sq.

202 4242 254 4304 598
266 4261 304 4312 sq.
316 4247 368 4299 610
380 4262 419 4314 sq.
432 4243 523 4298 Valer.
537 4245 626 4299 Flacc.
646 4244 659 4295 l
674 4244 696 4298 1.
715 4246 766 4298 599
779 4263 820 4314 sq.
839 4245 861 4298 V
874 4248 934 4299 472.
948 4247 1008 4298 511.
1027 4244 1097 4300 Stat.
1108 4243 1195 4298 Theb.
1206 4244 1230 4299 V
1242 4246 1295 4298 336
1306 4261 1339 4313 sq.

201 4329 333 4388 Dracont.
352 4333 378 4384 X
389 4335 432 4386 34.

301 4421 331 4490 6)
350 4422 480 4476 Fortasse
498 4439 531 4476 ex
550 4422 676 4476 codicum
696 4422 865 4477 auctoritate
883 4440 899 4475 a
917 4422 1020 4477 Ioanne
1033 4422 1147 4478 Lascari
1166 4423 1195 4476 in
1207 4421 1340 4492 Apollonii
