2958 4786
709 257 741 309 17

252 432 317 505 Qua
337 452 368 490 re
390 433 507 507 cognita
527 437 684 492 concentus
703 433 781 493 illius
804 454 890 511 quem
913 437 990 494 inter
1000 434 1120 496 Pindari
1138 439 1298 516 Apollonii·

148 553 210 610 que
233 533 345 592 scholia
364 532 546 592 intercedere
560 553 651 612 supra
663 534 793 612 probavi,
815 555 920 594 novum
935 540 965 594 et
979 537 1160 614 praeclarum
1183 541 1300 600 exsistit

148 635 325 713 exemplum.
359 633 399 692 Et
421 633 502 710 apud
523 632 735 711 Apollodorum
759 637 838 696 etin
860 636 977 695 scholiis
997 637 1159 698 Pindaricis
1181 640 1232 697 nbi
1253 642 1298 700 la·

147 739 230 796 souis
257 730 467 818 μονοκρήπιδος
494 735 595 795 fabula
617 743 782 808 enarratur,
805 735 991 814 Pherecydes
1012 737 1144 798 exhiberi
1161 741 1230 799 olim
1251 761 1297 801 co·

148 841 266 915 gnitum
277 840 324 896 est
335 835 368 910 ¹),
391 840 482 914 atque
492 838 588 914 ipsum
601 837 851 916 mythographum
868 839 907 898 ab
918 839 1099 916 Apollodoro
1121 843 1299 920 exscriptum

149 958 214 998 esse
237 943 333 1016 putes,
365 939 421 996 nisi
442 937 490 996 hic
513 938 643 997 Iasonem
667 959 731 997 oum
753 943 787 998 ut
815 939 921 998 flumen
943 941 1031 1001 nudis
1059 942 1182 1019 pedibus
1204 939 1299 1003 trans·

147 1039 324 1116 graderetur
344 1039 437 1098 soleas
459 1040 595 1110 exuisset,
617 1039 738 1099 alteram
758 1040 920 1120 reliquisse,
941 1042 990 1101 ille
1014 1039 1230 1120 Apollonium2)
1254 1064 1297 1104 se·

148 1146 238 1199 cutus
266 1141 295 1199 vi
323 1139 451 1198 fluminis
483 1141 607 1199 alteram
630 1145 761 1218 ereptam
792 1161 854 1200 esse
881 1138 1055 1203 narraverit.
1100 1145 1180 1204 Haeo
1206 1146 1300 1221 igitur

149 1241 337 1317 Pherecydse
359 1242 522 1300 narrationi
542 1243 653 1302 inserta
675 1262 738 1302 esse
758 1244 904 1319 quomodo
937 1245 1023 1303 aliter
1050 1247 1221 1324 explicetur,
1243 1247 1300 1304 nisi
1334 1237 1337 1258 ¹

147 1342 364 1420 Apollodorum
394 1362 430 1401 ex
452 1343 601 1420 Apollonii
623 1346 830 1402 commentario
846 1345 1030 1421 Pherecydes
1052 1349 1209 1424 sumpsisse
1238 1354 1298 1406 sta·

147 1449 263 1518 tuetur,
292 1463 351 1502 non
373 1445 467 1506 video.
508 1443 617 1517 Quodsi
638 1447 853 1504 commentariis
875 1447 1030 1506 Pindarico
1055 1452 1084 1506 et
1105 1448 1300 1526 Apolloniano

147 1545 336 1622 Pherecydes
357 1546 409 1605 illa
431 1547 594 1605 communie
616 1545 684 1604 olim
708 1547 839 1624 fuerunt,
862 1553 974 1606 certum
995 1548 1050 1609 hoc
1072 1555 1156 1608 extat
1168 1549 1300 1626 Dionysii

148 1649 306 1724 vestigium
329 1648 406 1707 unde
429 1667 493 1705 eum
517 1647 603 1705 etde
625 1648 661 1706 iis
684 1667 759 1725 quae
781 1653 850 1708 ante
870 1651 964 1726 ipsam
986 1651 1225 1726 Argonautarum
1249 1672 1297 1710 ex·

147 1749 326 1828 peditionem
347 1754 432 1826 gesta
462 1755 539 1820 sunt,
573 1750 665 1808 fusius
687 1752 781 1826 egisse
804 1757 834 1808 et
855 1751 1042 1828 Pherecydae
1060 1753 1142 1812 libris
1164 1755 1209 1812 uti
1231 1753 1299 1811 soli·

147 1858 214 1909 tum
226 1871 289 1910 esse
301 1856 504 1928 cognoscatur.
526 1850 615 1923 Quem
628 1853 683 1910 etsi
694 1853 821 1930 posteris
836 1871 955 1930 quoque
968 1855 1152 1932 temporibus
1175 1873 1300 1913 summo·

147 1972 221 2030 perc
242 1973 305 2012 esse
334 1953 500 2010 lectitatum
527 1953 628 2028 negari
650 1971 709 2010 non
734 1953 804 2012 licet
827 1959 857 2012 et
879 1955 1023 2031 siquando
1045 1960 1299 2026 commemoratur,
1400 1970 1403 1976 '

147 2073 263 2112 summa
294 2073 368 2131 opus
395 2058 441 2111 est
468 2053 583 2111 cautela
615 2053 723 2130 nequid
752 2059 860 2113 temere
887 2055 1088 2130 concludatur,
1124 2056 1180 2115 hee
1201 2061 1299 2116 tamen

146 2175 215 2213 meo
236 2155 301 2214 iure
323 2173 436 2212 sumere
468 2153 540 2210 mihi
563 2152 662 2211 videor
683 2160 718 2212 ut
737 2157 873 2232 quotiens
901 2157 931 2212 in
958 2155 1075 2214 scholiis
1099 2155 1299 2233 Apollonianis

147 2255 213 2314 eius
246 2255 416 2314 testimonia
449 2256 533 2313 iuxta
564 2241 724 2313 Hesiodum
756 2256 963 2315 Antimachum
997 2256 1140 2315 eiusmodi
1166 2264 1298 2317 auctores

145 2359 247 2434 posita
278 2362 309 2415 et
342 2356 379 2414 ed
402 2356 641 2433 Argonautarum
673 2356 787 2416 fabulas
820 2357 1019 2418 inlustrandae
1049 2357 1184 2417 adhibita
1220 2362 1297 2432 sunt,
1389 2365 1392 2368 '

146 2458 339 2516 haecomnia
360 2457 495 2534 Dionysii
516 2477 623 2535 operae
646 2455 835 2534 vindicem³).

251 2559 330 2618 Haeo
352 2563 450 2619 tamen
465 2560 562 2618 omnia
573 2565 719 2644 conmuni
740 2562 764 2618 si
787 2565 866 2619 recte
878 2558 1018 2619 Lehrsius
1030 2560 1192 2619 liebertum
1204 2581 1297 2639 oppu-

147 2657 298 2736 gravia).
343 2659 435 2720 Doleo
466 2681 536 2719 sane
558 2681 604 2720 me
629 2662 659 2720 in
687 2661 731 2718 his
754 2641 919 2719 studiorum
945 2663 1083 2738 primitiis
1104 2659 1297 2722 verrerabilem

147 2763 206 2820 viri
226 2763 394 2820 memoriam
417 2782 474 2820 non
496 2763 539 2819 ita
560 2763 655 2820 colere
677 2759 808 2839 potuisse
832 2766 867 2820 ut
890 2781 1058 2839 supremum
1079 2764 1188 2839 ingenii
1211 2763 1298 2820 docu-

148 2869 281 2922 mentum
302 2868 332 2922 et
353 2864 431 2922 omni
452 2864 567 2923 ratione
588 2863 745 2943 probarem
760 2864 975 2942 probatumque
995 2867 1079 2924 novis
1099 2869 1189 2942 atque
1211 2863 1297 2921 bonis

147 2967 332 3054 argumentis
352 2965 547 3025 defenderem.
570 2965 656 3038 Quod
678 2986 742 3024 cum
764 2987 782 3024 a
804 2985 849 3024 me
871 2968 1030 3043 impetrare
1048 2987 1107 3025 non
1127 2965 1299 3044 potuissem,

148 3067 205 3125 hoc
227 3072 305 3127 certe
327 3067 405 3126 illius
416 3066 550 3127 manibus
565 3068 753 3127 tribuendum
775 3087 838 3127 esse
852 3067 922 3126 duxi
933 3073 968 3126 ut
986 3069 1048 3126 eius
1061 3072 1299 3145 argumentorum

148 3348 233 3400 quam
252 3331 307 3385 alio
326 3331 517 3386 commentarii
538 3331 691 3401 exemplari
719 3347 799 3384 usum
827 3347 883 3386 esse
903 3329 1112 3400 Apollodorum,
1140 3329 1193 3384 alio
1219 3329 1297 3384 scho-

146 3419 259 3473 liastam
277 3436 366 3488 neque
384 3420 604 3476 obliviscendum
632 3425 674 3474 est
693 3419 798 3474 scholia
817 3437 833 3472 a
851 3418 1021 3482 confusionis
1039 3419 1298 3488 pertubationisqne

146 3511 212 3563 labe
231 3510 366 3564 immunia
384 3526 444 3564 esse
463 3511 575 3563 omnino
596 3527 650 3563 non
668 3526 757 3578 posse.
794 3507 836 3562 De
854 3507 991 3578 Sophocle
1010 3507 1084 3562 inira
1101 3506 1208 3577 loquar.
1295 3569 1298 3572 ,

252 3599 277 3668 1)
297 3598 337 3652 cf.
357 3597 452 3667 Heyne
477 3599 583 3653 observ.
609 3599 645 3652 ad
664 3598 755 3668 Apoll.
776 3615 803 3666 p.
821 3597 864 3651 69.
883 3596 999 3652 Robert.
1026 3596 1045 3650 1.
1063 3613 1087 3652 c.
1116 3615 1144 3666 p.
1158 3598 1201 3650 67.
1222 3595 1297 3650 2Ηῦ

146 3687 209 3755 lp.
221 3688 266 3740 87.
286 3685 319 3740 fr.
333 3689 376 3740 60.

250 3775 279 3845 2)
298 3775 338 3830 Cf.
355 3775 411 3829 l9:
429 3780 582 3847 χειμερίοιο
602 3776 703 3846 ῥέεθρα
722 3771 789 3828 κιὼν
808 3771 854 3827 διὰ
877 3777 982 3829 ποσσὶν
992 3768 1121 3843 Ἀναύρου

434 3857 499 3916 ἄλλο
516 3863 572 3934 μὲν
589 3856 741 3922 ἐξεσάωσεν
758 3860 805 3915 ὑπ’
825 3857 905 3931 ἰλύος,
926 3855 990 3915 ἄλλο
1011 3863 1036 3915 δ’
1056 3863 1170 3933 ἔνερθεν

432 3947 563 4005 κάλλιπεν
580 3943 645 4005 αὖθι
664 3953 780 4005 πέδιλον
797 3947 982 4023 ἐνισχόμενον
999 3952 1154 4024 προχοῇσιν

148 4059 215 4097 cum
234 4042 302 4098 bibl.
322 4043 422 4111 19,16,
436 4044 466 4096 3:
486 4041 635 4108 διαβαίνων
645 4040 676 4092 δὲ
688 4036 818 4111 ποταμὸν
830 4033 958 4110 Ἄναυρον
976 4040 1071 4107 ἐξῆλθε
1089 4035 1300 4112 μονοσάνδαλος

148 4128 181 4184 τὸ
202 4129 296 4200 ἕτερον
313 4126 453 4188 ἀπολέσας
470 4131 501 4184 ἒν
517 4131 555 4199 τῷ
574 4131 675 4200 ῥείθρῳ
696 4129 820 4183 πέδιλον.

252 4220 280 4289 3)
301 4219 353 4274 Hic
372 4224 414 4272 eet
428 4220 552 4274 locorum
569 4219 665 4272 index:
687 4218 782 4272 scholl.
801 4217 960 4272 145=23o
974 4221 1017 4272 23.
1034 4215 1078 4273 45.
1093 4218 1151 4270 105.
1168 4219 1300 4272 139146.

154 4309 215 4362 152.
236 4307 297 4360 211.
317 4307 343 4360 ll
363 4311 422 4362 181.
444 4311 502 4362 178.
523 4310 584 4362 271.
602 4309 663 4362 299.
684 4308 697 4362 l
717 4308 793 4362 1289.
815 4307 939 4364 lH.467.
958 4308 984 4361 ll
1006 4305 1139 4362 1149111
1158 4309 1219 4360 All.
1238 4309 1300 4361 230.

152 4397 232 4451 1093.
255 4394 309 4450 1111
329 4399 388 4451 156.
407 4397 468 4452 223.
486 4399 548 4451 228.
566 4396 591 4450 II
610 4397 670 4450 498.
690 4395 744 4450 llll
764 4397 842 4450 1396.

252 4488 279 4556 4)
300 4485 520 4541 Wissensehaftl.
540 4486 686 4540 Monatsbl.
705 4486 773 4537 1878
792 4488 865 4539 nr.8
885 4503 910 4554 p.
925 4486 975 4539 115
987 4503 1027 4554 sq.

1083 4594 1099 4644 2
