2958 4786
739 215 773 268 10

380 384 447 448 ὅταν
468 387 495 447 δ’
514 384 563 448 ὑπ’
584 385 688 467 α’νδρὸς
703 391 829 468 χλαῖναν
848 387 981 470 εὐγενοῦς
1004 388 1088 476 πέσῃς

465 491 481 525 'l
986 494 1001 527 ²l‘

723 529 738 564 *

380 591 414 652 τὰ
437 591 464 650 δ’
486 587 548 651 ἄλλ’
571 589 687 668 ἀφεῖναι
708 588 896 672 μαρανήμαθ
918 590 1064 671 ἀνδράσιν,

182 697 365 755 mmmm:
849 771 850 776 η

379 793 451 873 πρὸς
471 788 572 871 κέντρα
592 792 638 874 μὴ
663 791 771 868 λάκτιζε
792 799 848 868 τοῖς
866 795 1002 875 κρατοῦσι
1023 811 1088 857 σον·

181 900 338 958 Praeterea
360 917 447 958 versu
469 897 548 956 Med.
563 899 637 959 693:

379 994 406 1056 τί
423 1001 530 1076 χρῆμα
553 993 676 1077 δράσας,·
697 992 787 1077 φράζε
807 1019 859 1073 μοι
881 994 1056 1079 σαφέστερον
1145 987 1147 991 ’

182 1123 198 1162 e
220 1099 387 1160 Peliadibus
407 1101 535 1180 repetito
548 1099 572 1178 1)
591 1100 669 1160 hunc
690 1103 880 1178 praecedere:

379 1198 472 1262 ἀδικεῖ
490 1203 523 1279 μ’
544 1197 645 1261 Ἰάσων
666 1197 751 1261 οὐδὲν
772 1198 803 1272 ἐξ
823 1198 899 1278 ἐμοῦ
924 1197 1034 1260 παθών

182 1305 339 1382 diligenter
372 1306 633 1365 animadvertatur.
677 1301 800 1363 Videtur
830 1306 906 1362 euim
935 1303 1040 1362 Medea
1071 1305 1121 1364 ubi
1149 1306 1187 1364 ad
1217 1307 1336 1364 Peliam

179 1409 320 1484 confugit,
343 1409 397 1466 hoc
413 1427 499 1466 versu
515 1409 698 1481 interrogato
713 1425 775 1464 esse
792 1403 902 1480 quade
918 1425 1004 1464 causa
1018 1407 1110 1464 rixam
1123 1427 1187 1465 cum
1204 1409 1337 1483 coniuge

180 1509 380 1580 corrnnisisset,
410 1507 468 1566 illis
500 1527 535 1563 ne
562 1507 740 1581 adroganter
772 1507 903 1581 coniugis
925 1508 1049 1582 legitimi
1071 1507 1194 1585 imperio
1216 1529 1251 1568 ac
1274 1529 1334 1586 po·

182 1612 283 1669 testati
306 1611 474 1686 refragetur
496 1609 654 1668 admoneri.
700 1607 830 1684 Denique
849 1607 886 1666 fr.
898 1609 975 1668 604:

378 1698 500 1789 Μήδεια
525 1704 596 1785 πρὸς
614 1704 671 1784 μὲν
693 1703 823 1783 δώμασιν
848 1712 1023 1785 τυραννικοῖς

179 1813 272 1871 multo
293 1812 395 1871 melius
417 1813 455 1870 ad
478 1811 625 1870 mulierem
648 1811 750 1888 fugam
776 1811 958 1870 simulantem
974 1805 999 1886 2)
1021 1830 1108 1888 qun-m
1130 1811 1168 1870 ad
1190 1814 1328 1871 sacerdo·

180 1919 238 1972 tem
260 1915 390 1974 divinam
408 1913 518 1973 Dianae
539 1913 720 1972 maiestatem
742 1931 813 1991 prae
836 1932 866 1971 se
889 1913 1029 1970 ferentem
1052 1914 1190 1989 quadrat.
1202 1914 1328 1972 Videtur

180 2017 272 2092 igitur
294 2015 349 2076 hoc
362 2035 487 2094 quoque
499 2021 705 2092 argumentum
719 2035 776 2075 non
788 2015 945 2089 Dionysius
966 2034 1019 2073 suo
1032 2014 1156 2074 arbitrio
1169 2015 1324 2087 inflexisse,

180 2117 230 2176 sed
261 2138 336 2195 quae
368 2120 425 2196 ipsi
456 2124 560 2196 poetae
593 2119 699 2194 tragici
721 2118 893 2194 Euripidem
921 2118 1014 2175 secuti
1041 2122 1234 2186 novaverant,
1261 2117 1324 2174 dili·

179 2226 283 2294 genter
305 2221 491 2298 excerpsisse.
536 2219 659 2278 Omnino
690 2238 754 2276 eum
787 2221 817 2277 in
845 2219 949 2276 l'abulis
971 2219 1093 2294 tragicis
1116 2218 1240 2276 multum
1263 2237 1323 2276 ver·

180 2327 276 2379 satum
299 2340 361 2379 esse
376 2320 499 2379 Diodori
521 2321 618 2378 verbis
639 2319 786 2377 indicatur
809 2314 847 2395 [c.
862 2321 911 2388 56,
925 2313 969 2396 1];
997 2312 1131 2375 καθόλου
1154 2313 1185 2377 δὲ
1207 2315 1254 2376 διὰ
1272 2315 1322 2396 τὴν

179 2423 236 2478 τῶν
256 2417 411 2503 τραγῳδῶν
439 2415 585 2496 τερατείαν
613 2413 725 2496 ποικίλη
751 2439 790 2489 τις
810 2417 859 2476 καὶ
881 2414 1020 2497 διάφορος
1040 2411 1151 2496 ἴστορία
1167 2418 1233 2495 περὶ
1254 2418 1320 2496 Μη-

180 2516 258 2593 δείας
287 2516 467 2598 ἐξενήνεκται
499 2541 592 2598 neque
625 2521 817 2580 omittendum
839 2527 883 2579 est
913 2520 992 2597 quod
1012 2540 1029 2578 a
1053 2520 1193 2596 Dionysio
1217 2520 1320 2579 Aeetae

178 2624 238 2682 filio
274 2643 378 2682 nomeu
411 2624 500 2682 fuisse
529 2622 670 2682 traditum
698 2628 744 2681 est
765 2621 922 2698 Aegialeus
957 2612 1003 2703 [ef.
1027 2621 1149 2681 Diodor.
1171 2642 1194 2681 e.
1217 2623 1266 2693 45,
1280 2611 1317 2702 3],

178 2725 253 2783 idem
277 2726 303 2782 ei
326 2725 485 2784 Pacuvium
506 2724 647 2784 indidisse
660 2721 686 2799 ³)
707 2731 797 2801 atque
818 2723 847 2781 id
871 2723 988 2801 quidem
1005 2744 1020 2782 e
1035 2729 1125 2801 poeta
1146 2724 1246 2801 aliquo
1261 2729 1322 2786 tra.

177 2827 244 2903 gico
266 2827 316 2902 qui
339 2832 407 2902 post
430 2825 601 2903 Euripidem
634 2825 736 2884 floruit
766 2825 962 2902 desumptum·
1006 2824 1109 2900 Neque
1140 2827 1215 2883 enirn
1245 2825 1318 2904 apud

178 2925 348 3003 Sophoclem
372 2944 468 3002 neque
490 2925 570 3002 apud
583 2923 753 3002 Euripidem
773 2923 855 2982 illum
877 2926 919 2982 ite
935 2925 1115 2983 nominatum
1131 2945 1193 2984 esee
1209 2931 1317 2986 constat

178 3048 193 3086 e
216 3026 317 3085 scholi.
343 3025 439 3104 Apoll.
461 3025 597 3086 1111223.
621 3026 691 3085 Eur.
715 3025 791 3085 Med.
809 3025 875 3084 167.

277 3127 330 3187 Vel
352 3127 422 3187 haec
445 3128 596 3188 sufiiciunt
618 3129 722 3206 opinor
749 3133 783 3185 ut
805 3126 937 3201 Dionysii
970 3125 1087 3203 operam
1115 3126 1153 3185 ad
1184 3126 1317 3187 historiae

125 3173 132 3315 )
179 3230 310 3306 poeticae
337 3232 503 3289 memoriam
532 3230 704 3290 servandam
727 3229 850 3287 multum
874 3227 1000 3286 valuisse
1022 3227 1144 3286 eluceat.
1189 3227 1229 3287 Vt
1254 3247 1316 3287 vero

127 3340 130 3355 ¹
179 3332 327 3398 enarratio
350 3329 495 3389 Diodorea
527 3351 585 3407 quo
619 3332 650 3389 in
682 3350 771 3388 unum
801 3331 943 3388 orationis
970 3334 1100 3387 tenorem
1124 3334 1315 3388 contractant

120 3478 124 3505 ,
178 3437 385 3507 coagmentata
413 3430 481 3489 libri
502 3432 673 3508 Dionysiani
699 3431 823 3489 obscura
849 3450 1010 3508 parumque
1032 3435 1113 3489 certa
1139 3431 1235 3506 imago
1256 3449 1314 3506 pro·

179 3533 308 3609 ponitur,
333 3531 460 3591 dilucide
473 3533 636 3609 explicetur
658 3538 689 3591 et
707 3533 736 3590 in
759 3534 898 3610 pristinas
913 3537 1012 3610 partes
1035 3531 1228 3609 discerpatur,
1251 3550 1313 3607 quo·

127 3701 130 3709 1
178 3634 254 3690 niem
269 3638 387 3710 praesto
399 3639 468 3692 sunt
483 3652 546 3692 eum
564 3634 713 3712 Euripidis
725 3635 903 3712 Pindarique
918 3634 1118 3693 commentarii
1138 3639 1202 3692 tum
1214 3631 1313 3690 scholia

127 3786 130 3803 ,
179 3733 389 3811 Apolloniana,
420 3734 563 3812 imprimis
595 3736 625 3795 id
654 3737 800 3814 agendum
822 3741 865 3794 est
893 3729 936 3794 ut¹
958 3754 994 3794 ex
1021 3755 1119 3793 eorum
1142 3733 1311 3810 Diodorique

181 3899 376 3910 ——--.-..—.

281 3992 306 4058 1)
325 3991 364 4047 cf.
383 3991 468 4047 schol.
489 3993 569 4047 adh.
589 4011 626 4047 vs.
646 3993 745 4062 fragm.
765 3994 826 4046 605.

278 4079 307 4151 2)
326 4080 364 4134 Oi.
384 4079 463 4136 Ovid.
482 4081 500 4136 l.
520 4100 556 4136 ατ
576 4080 737 4152 ‘Peliaeque
766 4082 801 4135 ad
828 4081 924 4134 limina
940 4080 1057 4150 supplex
1076 4077 1230 4150 confugit’:
1258 4079 1317 4140 Non,

179 4170 243 4235 apte
261 4165 400 4222 Bobertns
417 4171 508 4224 variae
527 4170 633 4225 fabulas
652 4171 788 4225 distinxit.

279 4259 306 4323 3)
325 4257 365 4312 cf.
384 4259 437 4314 Cic.
456 4259 483 4312 d.
503 4265 558 4314 nat.
580 4260 655 4314 deor.
675 4261 713 4314 lll
729 4263 770 4328 19,
784 4263 832 4315 48:
851 4257 928 4330 ‘quid
947 4259 1028 4312 huius
1038 4260 1160 4326 Absyrto
1180 4258 1260 4312 fratri
1271 4257 1309 4326 qui

178 4341 221 4395 est
239 4345 312 4412 apud
332 4347 482 4403 Pacuvium
502 4345 669 4418 Aegialeus’.
701 4349 780 4404 Vnde
797 4351 826 4403 in
845 4349 982 4403 lustinum
994 4347 1136 4416 [XXXXll
1148 4351 1174 4417 3,
1186 4349 1209 4417 1]
1222 4363 1309 4402 nomen

178 4435 336 4498 pervenerit
354 4438 455 4491 nescio.
521 4501 524 4510 Ι
