2958 4786
764 255 798 312 18

205 437 362 514 sinatque
393 437 527 514 gravitas
554 435 590 495 dc
612 437 728 511 integro
752 441 841 512 quam
870 435 1094 511 diligentissime
1126 434 1352 496 examinaretur.

206 538 249 597 Ac
271 541 397 617 primum
420 537 519 596 multis
553 539 670 614 quidem
701 536 897 597 bibliothecae
926 537 997 596 loeis
1019 556 1120 596 versus
1145 536 1354 613 Apollonianos

162 690 166 711 ,
205 642 344 717 adgnosci
367 641 509 700 Lehrsius
531 639 660 700 Roherto
682 641 823 712 concedit,
852 646 948 699 tamen
971 638 1016 697 his
1038 640 1110 715 ipsis
1132 637 1202 696 locis
1226 638 1354 715 plurima

205 744 298 801 inesse
320 742 472 802 contendit
492 761 568 819 quae
589 741 626 800 ab
642 741 797 820 Apollonio
819 742 1017 802 diversissima
1041 759 1105 798 esse
1126 759 1184 797 non
1196 739 1352 814 neglegen-

205 843 273 902 dum
296 843 344 902 sit.
368 842 548 900 Adferautur
574 843 666 920 igitur
688 862 787 901 omues
815 843 871 900 loci
897 841 1006 919 quibus
1029 841 1229 918 Apollodorus
1250 846 1353 918 aperte
1461 909 1462 916 ρ

204 943 241 1002 ab
262 943 418 1020 Apollonio
442 942 579 1002 discedit:

303 1043 317 1100 l
340 1047 367 1119 9,
392 1047 441 1120 17,
468 1046 483 1103 l
509 1038 527 1121 ἦ
550 1039 581 1102 δὲ
604 1038 705 1114 αὐταῖς
730 1038 869 1120 ἐμβάλλει
890 1036 1051 1118 δυσοσμίαν
1078 1073 1117 1084 ·-
1147 1029 1350 1120 συνηυνᾶζοντσ
1461 1019 1462 1030 ¹

204 1139 318 1216 αὐταῖςτ
341 1144 413 1204 haec
434 1147 623 1223 reperiuntur
644 1144 736 1204 schol.
761 1144 773 1202 l
797 1139 903 1216 615¹).
942 1189 944 1194 ,

305 1241 517 1323 9προςσχόντες
536 1231 589 1304 οὖν
612 1277 650 1287 -
673 1246 734 1317 ταῖς
752 1239 894 1324 γυναιξίνε
916 1247 1106 1323 reperiuntur
1128 1244 1217 1305 schol.
1245 1246 1258 1303 l
1281 1247 1352 1304 769.

300 1336 448 1424 Ὑψιπύλη
471 1393 478 1408 ,
502 1393 508 1406 .
531 1391 538 1408 .
563 1395 569 1408 .
591 1350 678 1431 γεννᾷ
700 1344 806 1418 παῖδας
826 1342 940 1425 Εὔνηον
959 1345 1008 1405 καλ
1028 1341 1231 1425 Νεβροφόνον.
1258 1345 1354 1404 Eunai

203 1466 308 1506 nomen
329 1446 368 1505 H
383 1449 444 1508 468
468 1453 724 1508 commemoratum
748 1469 835 1526 saepe
856 1451 1005 1509 invenitur
1027 1454 1057 1507 ct
1084 1449 1256 1526 plerumque
1278 1445 1355 1505 duos

202 1549 292 1608 fuisse
321 1549 396 1607 filios
427 1546 605 1627 narratum),
639 1549 855 1627 Nebrophoous
895 1556 992 1609 tamen
1021 1550 1092 1608 alibi
1129 1570 1185 1607 oon
1213 1550 1353 1608 occurrit.

205 1649 293 1726 Apud
315 1649 462 1724 Hyginum
497 1650 569 1709 haec
599 1650 738 1727 leguntur
767 1645 840 1728 [lab.
862 1649 946 1724 XVJ:
981 1643 1159 1728 ‘Hypsipyle
1185 1670 1222 1709 ex
1249 1651 1356 1709 Iasone

201 1751 371 1826 procreavit·
391 1749 524 1810 Euueum
547 1757 578 1810 et
601 1748 785 1830 Deiphilum.’

306 1845 563 1929 19,1Ὓλαςγι1ρ
587 1845 603 1910 ὃ
620 1847 836 1927 Θειοδάμαντος
856 1847 912 1928 μὲν
934 1852 1010 1924 παῖς,
1030 1845 1207 1930 Ἡρακλέους
1227 1847 1259 1910 δὲ
1280 1845 1354 1936 doui-

105 2001 117 2016 ,
199 1971 287 2027 μενος
310 1993 316 2008 .
340 1997 346 2010 .
373 1997 379 2010 .
404 1997 410 2010 .
434 1941 491 2010 ὑπὸ
511 1957 634 2032 νυμφῶν
656 1946 785 2031 ἡρπάγη.
816 1953 919 2028 Hylam
942 1953 1077 2012 Herculis
1098 1953 1239 2011 amasium
1262 1952 1355 2010 fuisse

201 2058 231 2110 et
253 2072 271 2111 a
292 2053 491 2130 compluribus
525 2056 661 2133 nymphis
694 2055 825 2114 ablatum
851 2053 990 2114 Lehrsius
1021 2039 1109 2129 negat
1131 2055 1209 2131 apud
1232 2053 1354 2131 Apollo-

201 2154 280 2210 nium
304 2152 362 2230 legi
384 2149 417 2232 [l.
441 2175 464 2213 c.
492 2175 521 2233 p.
548 2155 636 2228 122]:
671 2157 812 2234 leguntur
833 2160 863 2214 ct
884 2176 973 2216 unum
1004 2161 1034 2214 et
1065 2155 1190 2215 alterum
1214 2154 1315 2214 scholl.
1341 2153 1355 2210 1

206 2252 273 2314 131.
302 2258 391 2316 1236.

302 2358 331 2414 3.
355 2360 373 2413 4
394 2350 560 2435 Ἡρόδωρος
581 2352 612 2416 δὲ
628 2402 634 2416 .
653 2403 682 2417 ..
707 2402 714 2415 .
737 2361 794 2416 τῶν
816 2353 1020 2435 Ἀργοναυτῶν
1044 2351 1197 2434 γενέσθαιε
1227 2345 1355 2416 redeunt

201 2455 301 2516 scholl.
325 2456 338 2512 Ι
364 2459 451 2515 1168.
475 2459 564 2518 1289.
1008 2463 1015 2472 “

304 2559 352 2636 20,
376 2560 393 2616 2
417 2554 528 2636 πλήξας
551 2557 623 2618 κατὰ
637 2563 687 2619 τοῦ
702 2556 829 2638 ἀγκῶνος
842 2554 1005 2620 ἀπέκτεινει
1021 2561 1093 2620 hacc
1114 2564 1259 2637 conrupta
1280 2563 1354 2618 sunt

200 2676 252 2715 nec
280 2659 338 2716 iam
367 2661 563 2720 coniecturam
593 2657 666 2720 κατὰ
698 2658 747 2721 τὸν
778 2657 879 2738 ἀγῶνα
913 2661 1059 2721 Robertus
1094 2655 1145 2738 [cl.
1168 2661 1188 2720 1.
1212 2680 1235 2720 c.
1257 2679 1287 2737 p.
1310 2661 1353 2717 79

199 2776 227 2816 n.
255 2751 307 2835 19]
344 2759 492 2820 defendat.
514 2761 651 2820 Palmarii
673 2763 877 2822 emendatione
898 2782 969 2823 usus
991 2762 1077 2822 scribi
1100 2763 1184 2821 velim
1207 2755 1278 2818 κατὰ
1300 2761 1354 2817 τοῦ

200 2852 321 2935 αὐχένος
341 2861 421 2936 quod
442 2881 512 2920 saue
535 2862 683 2940 discrepat
697 2863 734 2923 ab
747 2864 913 2942 Apollonio,
935 2863 988 2923 sed
1010 2863 1088 2922 redit
1110 2863 1190 2939 apud
1202 2863 1351 2922 Valerium

198 2958 335 3019 Flaccum
358 2953 439 3035 [IIII
462 2963 521 3020 307
545 2956 616 3039 sq.].

300 3061 349 3132 21,
376 3066 385 3118 l
412 3063 585 3120 καταντῶσιν
607 3059 648 3134 εἰς
669 3060 723 3141 τὴν
739 3059 855 3147 Θρᾴκης
871 3059 1095 3142 Σαλμυδησσόνι
1114 3064 1213 3124 scholl.
1236 3064 1351 3124 11177.

203 3161 271 3220 178.
295 3161 355 3220 532
385 3162 527 3223 Phineum
558 3165 700 3224 Thraciae
732 3165 951 3244 Salmydessum
974 3167 1122 3226 habitasse
1143 3168 1207 3225 fuse
1230 3165 1350 3224 demon-

199 3266 324 3334 stratum
347 3264 376 3322 in
399 3264 469 3324 Asia
489 3285 556 3324 eum
579 3286 702 3342 ragnum
725 3267 887 3328 obtinuisse
911 3268 1091 3344 Pherecydes
1114 3263 1217 3344 [schol.
1233 3259 1350 3342 11181]

199 3361 366 3439 tradidit⁸).
675 3371 678 3378 “
1099 3439 1103 3446 .

299 3460 399 3522 τοῦτον
419 3457 448 3522 οἱ
471 3460 529 3540 μὲν
546 3462 702 3551 Ἀγήνορος
728 3501 768 3509 -
797 3469 888 3529 πλοῦν
908 3460 1069 3549 ἕμὴνυσενε
1093 3469 1164 3530 haec
1187 3470 1224 3529 ud
1246 3468 1348 3529 scholl.

199 3563 224 3622 ll
250 3565 318 3625 178.
345 3565 398 3626 181
424 3567 574 3644 pertinere
600 3588 691 3645 supra
705 3570 923 3630 demonstrasse
938 3572 1009 3631 mihi
1025 3572 1135 3632 videor.
1154 3572 1234 3645 Quae
1245 3571 1349 3630 ultimo

198 3662 261 3724 loco
285 3665 419 3724 adfertur
440 3666 554 3726 fabula:
578 3664 649 3740 πνὲς
669 3665 701 3730 δὲ
720 3664 778 3741 ὑπὸ
797 3669 979 3744 Ποσειδῶνος
1000 3667 1040 3732 ὅτι
1061 3675 1118 3743 τοῖς
1137 3666 1248 3748 Φρίξου
1267 3667 1350 3728 παισὶ

202 3827 400 3836 ι---.-

301 3936 327 4007 1)
346 3937 437 3992 Schol.
458 3938 536 3993 1609
556 3957 589 3993 ea
608 3940 642 3995 de
666 3958 748 3995 causa
770 3959 826 3996 uon
850 3943 938 3998 adtuli
957 3945 1031 4013 quod
1049 3944 1167 4014 speciem
1185 3941 1348 3996 historiolae

198 4025 353 4078 recentiora
369 4029 495 4096 temporo
514 4045 530 4080 a
547 4029 729 4098 grammatico
748 4031 841 4099 aliquo
859 4033 1029 4101 compositae
1048 4050 1115 4103 prae
1134 4049 1163 4086 se
1182 4032 1246 4086 fert.

298 4113 326 4180 2)
355 4113 395 4168 ef.
418 4132 477 4183 arg.
503 4116 678 4172 Pind.Nem.
699 4119 931 4188 portuosum.
959 4120 1038 4176 Ovid.
1066 4140 1108 4192 ep.
1132 4121 1245 4178 V1121.
1276 4117 1346 4174 Stat.

199 4199 284 4256 Theb.
305 4201 402 4256 V463.
424 4203 537 4258 71312.
557 4205 650 4275 spigm
667 4207 729 4276 Cyz.
751 4210 791 4263 10.

233 4351 235 4354 Ι
297 4288 325 4358 8)
344 4288 445 4345 Verbis
473 4293 558 4346 schol.
577 4293 670 4348 11178
699 4297 766 4350 ἔνιοι
795 4297 826 4350 δὲ
855 4293 939 4351 αὐτὸν
957 4298 988 4351 ἐν
1006 4300 1038 4373 τῇ
1059 4301 1246 4371 Παφλαγονίᾳ
1266 4305 1346 4366 βασι-

200 4376 291 4430 λεῦσαι
311 4380 468 4448 ἱστοροῦσιν
487 4376 542 4446 ἥτις
561 4383 619 4436 ἐστὶ
637 4385 683 4450 τῆς
698 4381 792 4445 Ἀσίας
806 4387 875 4442 falso
889 4387 986 4442 addite
997 4405 1055 4443 esse
1067 4388 1199 4443 videntur
1212 4382 1248 4446 ὥς
1260 4403 1348 4458 φησιν

196 4459 350 4525 Ἑλλάνικος
368 4485 438 4537 quae
458 4469 495 4522 sd
512 4471 657 4539 sequentia
677 4476 817 4543 pertinere
842 4476 926 4530 docet
949 4475 1082 4531 scholium
1103 4477 1178 4546 quod
1196 4475 1345 4546 praecedit.
