2958 4786
731 223 765 273 42

727 473 774 538 ΠΙ
801 471 805 474 .

277 631 318 688 At
340 630 474 708 Dionysii
496 652 554 690 non
576 631 668 689 solum
693 631 891 705 Argonautica
913 629 1059 689 Diodorus
1081 629 1252 706 compilavit
1275 629 1331 688 sed

98 737 104 745 '
177 733 263 788 etiam
285 751 322 789 ex
342 733 475 808 ἰίἔρυαε
497 732 545 791 ille
567 732 602 790 de
545 733 851 824 Amazonis-et
823 729 1078 806 1Βαος1ίιρο1τυε
1082 731 1194 820 gestis
1218 749 1331 788 narra-

166 828 270 902 luerat,
292 831 475 911 haudpauca
498 836 642 906 servavit3
669 839 747 892 certe
769 833 873 910 librit
860 835 941 892 tertii
964 854 988 892 c
999 834 1122 892 52-55
1147 837 1178 910 et
1199 831 1354 914 67-74·
1388 915 1394 918 -
1462 861 1463 864 “

164 895 212 1000 lex
234 952 267 990 eo
290 940 430 1012 excerpta
452 955 514 993 esse
535 937 598 1012 ipsa
622 934 694 993 dicit
716 929 779 1010 [52‚
794 937 861 992 3
831 939 861 992 e
878 938 926 1004 66,
940 929 983 1011 5].
994 899 1114 1033 {Bacchi
1135 953 1206 992 voro
1218 931 1330 1008 Libycr

175 1032 283 1092 fabulis
306 1055 370 1094 cum
393 1034 473 1094 haud
495 1056 588 1113 pauca
605 1035 753 1094 aGraecis
773 1035 809 1094 de
828 1035 942 1094 Baccho
965 1035 1077 1093 tradita
1045 1024 1275 1111 tpraeposuit
1283 1027 1327 1108 ¹),

175 1155 281 1212 parum
304 1137 359 1195 sibi
379 1140 442 1216 ipse
457 1137 606 1197 Diodorus
626 1137 759 1196 constitit
779 1137 849 1214 quia
871 1137 966 1195 tribus
988 1136 1089 1213 primis
1112 1135 1195 1194 libris
1218 1132 1327 1192 barba-

175 1258 276 1297 rorum
302 1242 503 1316 antiquitates,
535 1240 604 1298 inde
626 1259 643 1296 a
665 1243 772 1315 quarto
802 1238 877 1296 libro
902 1236 1080 1296 Graecorum
1102 1237 1257 1297 historiam
1280 1238 1325 1296 fa·

176 1339 306 1399 bularem
341 1361 371 1399 se
396 1346 593 1400 tractaturum
626 1360 688 1400 esse
717 1339 911 1398 bibliothecae
932 1341 1017 1397 initio
1039 1335 1156 1416 scripsit
1180 1332 1329 1416 [14‚6].

175 1441 267 1512 Quam
287 1443 513 1499 inconstantiam
536 1462 569 1500 eo
592 1443 684 1517 magis
714 1460 805 1517 urgeo
828 1439 906 1517 quod
927 1460 1003 1516 quae
1025 1441 1093 1499 libri
1115 1441 1216 1516 quarti
1239 1439 1329 1498 initio

179 1537 217 1616 [c.
233 1535 329 1618 2-5]
353 1542 389 1608 de
411 1541 526 1600 Baccho
542 1540 652 1600 Graeco
673 1547 833 1600 narrantur
854 1545 972 1600 tantum
996 1540 1080 1600 abest
1101 1548 1136 1599 ut
1157 1562 1192 1600 ea
1215 1539 1329 1599 alibro

175 1643 265 1701 tertio
289 1635 328 1718 [c.
348 1646 387 1701 64
398 1638 458 1720 sq.]
491 1643 606 1702 diversa
636 1645 696 1703 sint
728 1647 763 1702 ut
791 1643 855 1702 fieri
888 1643 1004 1700 omnino
1036 1649 1164 1719 nequeat
1193 1643 1265 1718 quin
1290 1663 1329 1700 ex

175 1742 275 1801 eodem
307 1747 427 1802 auctore
462 1744 617 1822 desumpta
647 1765 710 1804 esse
741 1748 892 1821 putentur.
939 1743 1070 1820 Vtroque
1099 1744 1162 1802 loco
1193 1743 1328 1802 Semelae

177 1862 254 1916 mors
284 1844 449 1921 Bacchique
482 1851 564 1904 ortus
597 1846 659 1905 sinc
682 1845 742 1904 ullo
773 1844 939 1903 discrimine
969 1847 1138 1918 narrantur,
1168 1863 1263 1920 neque
1294 1845 1327 1900 in

177 1946 274 2005 verbis
296 1947 493 2024 discrepantia
526 1952 580 2020 est,
614 1949 670 2005 nisi
700 1949 767 2023 quis
798 1946 874 2002 sorte
903 1945 982 2022 quod
1004 1944 1098 2002 altero
1120 1945 1183 2003 loco
1205 1944 1330 2003 lunonis

177 2047 292 2106 fallacia
313 2033 572 2126 praetermittitur,
596 2049 703 2108 veteris
733 2051 830 2107 nescio
862 2049 945 2106 cuius
975 2047 1129 2123 scriptoris
1152 2046 1330 2104 auctoritati

178 2147 309 2208 tribuere
339 2152 450 2210 mavolt
482 2159 569 2228 qtam
593 2149 714 2209 Diodori
736 2151 952 2227 neglegentiae3
976 2169 1052 2225 quae
1075 2148 1151 2206 libro
1173 2148 1264 2206 tertio
1288 2147 1328 2205 de

177 2249 356 2308 Baccharum
378 2253 515 2321 exercitu,
536 2250 722 2327 expeditione
744 2271 798 2328 per
819 2251 918 2308 orbem
940 2256 1088 2309 terrarum
1110 2249 1198 2319 fucta,
1218 2249 1325 2324 impio·

177 2369 241 2406 rum
264 2352 374 2428 poenis,
402 2351 507 2410 Bacchi
530 2352 693 2428 triumpho,
724 2352 912 2411 sollemnibus
944 2351 1109 2410 trietericis‘
1132 2348 1212 2408 dicta
1242 2333 1324 2420 sunt,

176 2449 306 2509 breviter
336 2456 487 2511 contracta
524 2458 631 2530 quarto
661 2453 736 2511 libro
768 2459 953 2530 repetuntur,
986 2451 1042 2510 boc
1071 2471 1160 2509 unum
1182 2451 1325 2509 inseritur

174 2554 325 2612 Boeotiam
346 2554 473 2631 patriam
496 2573 513 2610 a
534 2552 648 2613 Baccho
668 2555 822 2622 liberatam
839 2553 1074 2630 Eleutherasque
1096 2552 1237 2630 oppidum
1253 2571 1321 2610 cou-

174 2655 268 2714 ditum
293 2650 403 2732 esse2).
432 2655 493 2713 Hoc
517 2658 592 2714 enim
616 2657 679 2715 loco
702 2657 810 2734 quippe
834 2659 884 2735 qui
907 2656 945 2715 ad
967 2654 1145 2714 Graecorum
1167 2651 1321 2711 historiam

277 2940 302 3011 1)
321 2941 456 3005 1116211
476 2941 554 3014 ἡμεῖς
573 2941 599 2994 δ’
619 2943 680 2996 ἐπεὶ
697 2939 899 3014 προειρήκαμεν
919 2946 949 2998 ἐν
967 2950 1022 3002 τοῖς
1040 2947 1240 3012 Αἰγυπτιακοῖς
1258 2945 1323 3011 περὶ

173 3029 219 3093 τῆς
236 3029 282 3081 τοῦ
301 3025 437 3083 Διονύσου
464 3035 599 3101 γενέσεως
627 3034 673 3083 καὶ
697 3032 752 3084 τῶν
775 3028 821 3084 ὑπ’
845 3028 928 3084 αὐτοῦ
952 3035 1136 3103 πραχθέντων
1161 3025 1322 3089 ἀκολούθως

173 3123 231 3176 ταῖς
249 3118 390 3188 ἐγχωρίοις
407 3123 546 3189 ἱστορίαις,
559 3124 660 3174 οἰκεῖον
680 3119 746 3172 εἶναι
768 3115 996 3192 διαλαμβάνομεν
1009 3125 1166 3190 προςθεῖναι
1181 3117 1213 3172 τά
1232 3127 1322 3190 μυθο-

174 3199 327 3276 λογούμενα
346 3210 409 3277 περὶ
426 3209 473 3260 τοῦ
491 3209 559 3261 θεοῦ
576 3202 670 3262 τούτου
688 3203 763 3276 παρά
781 3204 964 3276 τοῑςἝλλησι.

273 3291 302 3363 2)
321 3293 416 3348 Placet
433 3295 508 3349 locos
527 3295 606 3350 iuxta
623 3295 730 3365 positos
749 3295 896 3350 exhibere:

403 3381 489 3436 11112
996 3384 1091 3440 11164

176 3469 256 3522 2
278 3471 310 3542 τῇ
329 3469 359 3523 δέ
378 3473 488 3544 Σεμέλῃ
508 3471 553 3523 δια
572 3469 602 3524 τὸ
624 3466 720 3533 κάλλος
770 3475 837 3528 3...
848 3464 1322 3544 μυθολογοῦσιγάρέρασθένταείία

174 3562 229 3610 Δία
247 3561 363 3628 μιγέντα
382 3563 427 3610 καὶ
444 3559 511 3629 μεθ’
529 3557 641 3629 ἡσυχίας
661 3581 718 3613 ποι·
770 3564 884 3634 μιγῆναι
903 3558 1048 3622 πλεονάκις
1066 3558 1131 3634 αὐτῇ
1151 3557 1197 3613 διά
1211 3558 1240 3614 τὸ
1254 3555 1320 3616 κάλ-

173 3639 292 3716 οάμενον
310 3642 355 3704 τάς
372 3645 480 3717 ὁμιλίας
498 3643 572 3708 δόξαι
583 3669 719 3721 καταφρο-
770 3653 823 3716 λος,
844 3648 893 3718 τὴν
911 3651 936 3702 δ’
950 3646 1039 3720 Ἦραν
1054 3651 1259 3718 ἵηλοτυποῦσαν
1275 3652 1320 3700 καὶ

174 3739 231 3788 νεῖν
248 3730 341 3802 αὐτῆς·
362 3729 457 3805 διόπερ
476 3734 522 3790 ὑπ’
535 3735 615 3804 αὐτῆς
634 3758 720 3806 παρα·
771 3742 940 3810 βουλομένην
961 3744 1077 3810 τιμωρίᾳ
1094 3740 1252 3808 περιβαλεῖν
1272 3733 1321 3802 τὴν

173 3823 305 3889 κληθῆναι
324 3819 371 3883 τάς
385 3821 535 3884 ἐπιπλοκὰς
548 3824 647 3896 ὁμοίας
659 3847 721 3880 ποι·
770 3821 921 3896 ἄνθρωπον
940 3823 1109 3898 ὁμοιωθῆναι
1129 3830 1184 3898 μέν
1195 3844 1245 3879 τινι
1264 3825 1320 3879 τῶν

174 3916 265 3963 εἷσθαι
285 3917 342 3971 ταῖς
359 3909 428 3982 πρὸς
445 3909 594 3984 τὴνἮραν
618 3933 720 3987 συμπε-
771 3913 913 3986 ἀποδοχῆς
941 3917 1137 3987 τυγχανουσῶν
1159 3917 1225 3984 παρ’
1253 3909 1319 3987 αὐτῇ

174 4004 308 4069 ριφοραῖς.
326 3996 375 4052 τὸν
391 4001 447 4071 μέν
472 3993 520 4056 οὖν
531 4008 584 4056 Δία
603 4023 721 4073 παραγε-
770 4005 915 4075 γυναικῶν,
943 3998 1189 4074 παρακρούσασθαι
1217 4003 1248 4056 δέ
1270 3999 1318 4068 τὴν

174 4079 294 4156 νόμενον
316 4091 480 4157 θεοπρεπῶς
502 4088 572 4161 μετὰ
600 4093 722 4160 βροντῶν
770 4095 910 4162 Σεμέλην·
930 4096 1017 4145 εἰπεῖν
1033 4090 1086 4162 γάρ
1100 4090 1169 4162 πρὸς
1180 4089 1265 4158 αὐτὴν
1277 4088 1317 4145 ὅτι

174 4175 219 4224 καὶ
237 4168 387 4242 ἀστραπῶν
411 4176 555 4278 ἐπιτρανῶς
579 4185 718 4231 ποιεισθαι
770 4181 895 4244 καθῆκον
913 4173 946 4246 ἦν
964 4177 1077 4233 τὸνΛια
1097 4200 1167 4252 μετα
1181 4201 1226 4247 της
1238 4200 1317 4248 ιιυκης

173 4256 222 4326 τὴν
251 4267 409 4316 συνουσίαι·
446 4260 495 4330 τὴν
531 4266 562 4318 δὲ
593 4269 720 4337 Σεμέλην
770 4268 932 4367 ἐπιφανείας
956 4271 1050 4320 τεκαὶ
1078 4270 1317 4339 τιαῆςποιεῑσθαι

174 4348 272 4416 ἔγκυον
295 4365 381 4404 ουσαν
409 4355 454 4403 καὶ
472 4350 502 4405 τὸ
521 4357 643 4424 μέγεθος
675 4355 720 4420 τῆς
769 4353 818 4421 τὴν
836 4351 981 4426 ὁμιλίαν
971 4373 1040 4428 ιηπερ
1064 4357 1162 4428 χρῆται
1181 4353 1249 4410 κατά
1269 4356 1317 4426 τὴν

173 4431 359 4505 περιστάσεως
378 4435 427 4491 οὐκ
445 4441 598 4510 ἐνέγκασαν
618 4437 720 4513 τὸμὲν
770 4439 839 4511 πρὸς
857 4439 906 4508 τὴν
919 4437 1006 4513 Ηραν
1026 4429 1248 4516 συμπεριφοράν.
1272 4443 1315 4499 διὸ
